3358 4952
484 399 530 456 lle
549 399 682 458 &meroldo
706 398 814 458 Mentis
834 399 1016 492 (tperotlone.
1241 396 1296 456 137

706 689 719 760 ξ
742 689 780 750 V.

497 903 542 945 nn
556 900 793 946 rnorosrrroua
807 901 1006 974 coannexa·

237 1077 304 1139 179.
346 1077 514 1158 Propositio
534 1078 678 1157 complere
691 1090 752 1139 est:
774 1079 956 1158 “propositio
975 1079 1113 1158 simplex,
1128 1081 1212 1160 cujus
1225 1079 1297 1141 alte

194 1183 312 1234 rutrum
327 1185 504 1248 extremum,
520 1175 566 1236 vel
582 1187 743 1256 utrumque
756 1187 800 1236 est
815 1175 958 1236 terminus
972 1176 1173 1254 complexus.”
1208 1175 1298 1238 Unde

194 1292 215 1332 a
229 1271 391 1332 Veteribus
416 1270 628 1352 appellabatur
642 1273 678 1332 de
699 1281 822 1334 extremo
835 1275 994 1351 conjuncto.
1036 1272 1073 1334 ln
1088 1294 1123 1334 ca
1137 1274 1215 1334 duae
1228 1283 1298 1334 sunt

195 1379 303 1448 partes,
323 1369 501 1446 principalis
513 1389 561 1429 sc:
582 1380 613 1430 et
634 1369 766 1430 incidens
781 1371 824 1447 (n.
840 1369 893 1447 29)
910 1391 937 1430 v.
952 1391 980 1448 g.
996 1389 1075 1440 cum,
1087 1369 1173 1431 dieo:
1195 1369 1298 1432 “Deus

195 1465 383 1544 omnipotens
404 1467 505 1525 omnia
526 1466 677 1527 creevitz”
700 1467 748 1527 vel
769 1467 877 1527 etiam:
899 1466 1012 1538 “Derrs,
1026 1467 1079 1546 qui
1100 1479 1144 1528 est
1165 1453 1299 1546 omnipo·

197 1557 276 1634 tens}
287 1563 389 1622 omnia
413 1563 554 1624 creavit.'’
596 1562 698 1624 “Deus
712 1565 814 1625 omnia
836 1563 968 1625 creavit”
982 1574 1027 1624 est
1042 1565 1220 1642 prtnorpolie
1234 1585 1299 1644 pro-

197 1659 320 1739 positio;
342 1659 566 1738 “omnipotens'’
580 1659 627 1720 vel
644 1661 712 1740 “qui
728 1673 771 1722 est
791 1660 996 1740 omnipotens”
1011 1670 1055 1721 est
1076 1681 1144 1740 pars
1158 1661 1297 1723 incideres.

197 1757 336 1818 Deduces
349 1757 466 1819 exinde.

238 1854 626 1934 Primo-Propositionem
637 1857 881 1935 conptenonesse
895 1875 998 1932 revera
1008 1855 1171 1933 eimplicem.
1207 1854 1300 1917 Ratio

194 1963 255 2014 est:
277 1953 424 2031 n)-quia
438 1952 570 2014 incidens
581 1973 696 2032 semper
710 1953 843 2014 converti
859 1964 954 2030 potest
968 1952 999 2010 in
1013 1951 1206 2032 adjectivum,
1219 1962 1252 2013 ut
1265 1952 1297 2013 in

194 2047 335 2127 exemplo
349 2049 441 2108 citato
452 2048 553 2109 videre
567 2059 627 2110 est:
649 2049 796 2128 b)—quia
806 2047 940 2108 incidens
951 2047 1070 2126 proprie
1083 2067 1144 2108 non
1155 2049 1298 2127 exprimit

189 2144 350 2224 judicium,
364 2145 462 2204 saltem
475 2163 630 2224 praeseus;
650 2165 722 2204 narn
738 2145 784 2208 vel
810 2154 854 2216 est
868 2143 1067 2205 determinatio
1080 2154 1135 2205 nut
1147 2148 1298 2208 coarctatio

194 2241 332 2322 subjecti,
345 2243 391 2302 vel
404 2242 568 2321 praedicati
583 2242 791 2322 propositionis
805 2239 1024 2322 principalinsi
1039 2241 1172 2302 incidens
1186 2251 1230 2302 eet
1242 2263 1300 2303 res·

194 2341 326 2410 tridino:
347 2338 404 2413 vel,
417 2341 442 2400 si
465 2340 700 2418 explicationem
720 2337 1039 2400 fructuannteoedcntie
1053 2338 1183 2430 judieii..
1217 2339 1299 2416 Quo

194 2436 276 2496 circa
290 2436 503 2515 propositiones
517 2435 680 2498 incidentes
695 2437 879 2497 restrictione
893 2429 953 2496 non
967 2442 1038 2494 sunt
1049 2454 1103 2513 per
1115 2455 1144 2496 se
1158 2435 1298 2496 falsitatis

195 2551 328 2612 capaces,
343 2533 400 2594 nisi
425 2543 543 2594 tentum
565 2533 746 2611 supponidae,
761 2533 779 2593 i.
794 2553 818 2592 e.
833 2539 923 2612 prout
939 2529 1090 2608 judicium
1115 2542 1298 2611 supponunt,

195 2628 316 2702 falsum,
329 2640 362 2690 ut
374 2649 401 2690 v.
413 2651 442 2708 g.
456 2630 481 2690 si
492 2629 620 2689 dicerem
632 2651 639 2688 ε
651 2629 788 2690 “animae
799 2627 904 2707 igneae
918 2627 1146 2707 praestantiores
1157 2628 1299 2688 suntani-

196 2725 303 2788 mabus
327 2727 456 2798 aereie;”
478 2747 675 2806 supponerem
698 2726 774 2788 felso
795 2726 913 2805 aliquas
928 2729 1044 2788 animas
1066 2747 1127 2788 esse
1141 2726 1254 2805 igneas,
1267 2736 1298 2787 et

194 2823 313 2904 aliquas
327 2825 445 2885 aereas:
467 2845 484 2885 e
498 2835 610 2886 contra·
623 2823 785 2884 incidentes
800 2825 992 2902 eeplieotione,
1007 2833 1110 2903 utpote
1124 2841 1201 2902 quae
1218 2823 1298 2902 judi·

194 2922 276 2981 oium
298 2921 374 2982 nlius
397 2922 524 3000 positum
548 2921 717 2993 includunt,
731 2919 963 2981 falsitatis‘sunt
983 2940 1116 3000 capaces,
1131 2928 1165 2979 ut
1187 2939 1215 2978 v.
1229 2941 1258 2997 g.
1272 2920 1297 2979 ei

194 3017 342 3077 dicerem:
364 3017 482 3091 “Plato
507 3018 558 3096 qui
580 3017 639 3078 fuit
663 3017 851 3088 christianae,
873 3018 968 3078 coluit
990 3015 1174 3096 relligionem
1185 3015 1211 3075 :''
1243 3013 1298 3074 ille

198 3114 332 3175 incidens
345 3113 516 3194 aequivalet
537 3113 615 3174 huic.
658 3113 766 3175 “Plato
780 3113 839 3175 fuit
853 3113 1032 3175 christianus
1041 3114 1067 3175 :”
1092 3112 1172 3193 quod
1186 3111 1294 3173 falsum

195 3223 247 3272 est.

235 3306 554 3368 Secundo-Proinde
582 3307 743 3386 propositio
765 3307 907 3390 incidens,
934 3307 959 3368 si
987 3307 1153 3387 subjectum
1176 3303 1297 3377 afficiat,

195 3405 297 3467 influit
319 3408 350 3466 in
373 3405 548 3486 principalis
571 3405 737 3478 veritatem,
751 3406 872 3485 quondo
886 3418 930 3466 est
952 3405 1128 3477 restrictiva,
1143 3424 1203 3464 non
1226 3403 1297 3462 item

194 3503 317 3583 quando
331 3516 376 3564 cst
389 3503 581 3583 explicetiva
625 3501 716 3563 Retio
730 3513 790 3564 est:
812 3503 883 3582 quia
898 3504 928 3563 in
943 3502 1125 3582 primocasu
1147 3501 1319 3580 praedica·’

196 3611 261 3662 tum
276 3601 416 3662 convenit
436 3600 578 3681 subjecto,
592 3611 739 3680 quatenus
760 3599 816 3660 hoc
829 3611 874 3662 est
888 3600 1055 3661 restrictum
1071 3609 1101 3660 et
1121 3597 1298 3660 determine·

195 3711 278 3759 tum:
300 3719 360 3759 non
375 3699 446 3759 item
461 3699 493 3758 iu
506 3699 643 3759 secundo.

236 3799 282 3859 cf.
298 3797 435 3878 Logique
449 3799 485 3858 de
499 3798 574 3858 Port
589 3797 687 3876 Royal
703 3797 736 3858 P.
753 3797 779 3858 2.
794 3817 819 3858 c.
834 3799 861 3856 4.
