3358 4952
447 391 485 450 94
939 393 1059 472 Loyiac.

488 585 854 664 Respondete—Divinum
871 588 901 648 iu
916 587 974 650 hac
988 589 1133 650 divisione
1147 611 1204 649 non
1221 599 1264 650 eat
1278 590 1397 652 Bonum
1412 595 1549 653 materio-

448 687 511 745 lt'tcr
531 687 706 766 inspectum,
720 687 770 747 aed
791 687 857 765 ipro
878 690 952 748 ratio
966 689 1120 748 Bondelia.
1162 687 1307 749 Jamvero
1321 691 1383 750 alia
1397 703 1441 750 eat
1462 691 1548 758 ratio,

446 805 523 862 quae
544 784 744 857 honestatum
766 787 839 860 ullu,
853 807 929 866 quae
945 787 1122 860 utilitatem;
1144 789 1215 862 alic,
1230 809 1306 867 quae
1321 788 1545 849 delectationem

446 881 547 942 affert:
570 883 687 942 tametsi
711 882 917 958 haodiuerauc
940 883 1068 943 rationes
1093 884 1122 942 iu
1145 883 1248 944 codam
1270 883 1402 963 subjecto
1417 885 1544 946 inveniri

445 993 563 1056 queant.
592 979 651 1044 Cf.
666 979 695 1040 S.
717 979 864 1040 Thomam
881 983 922 1058 (1.
939 1001 965 1060 p.
981 1003 1008 1060 q.
1025 983 1051 1041 5.
1067 1003 1095 1041 a.
1110 983 1136 1042 6.
1153 982 1192 1042 cd
1215 982 1309 1060 Zum.)
1353 982 1459 1046 ‘lHaec
1473 982 1549 1041 divi-

445 1075 487 1134 sio
502 1096 558 1134 nou
575 1087 618 1135 eat
639 1097 691 1155 per
705 1078 854 1156 oppositas
868 1097 922 1150 raa,
936 1077 987 1137 sed
1002 1097 1054 1156 per
1068 1079 1217 1157 oppositas
1239 1079 1383 1150 rationem
1405 1078 1547 1140 dicuntur

446 1174 498 1234 illa
507 1178 628 1254 proprie
642 1175 829 1250 delectabilia,
845 1197 921 1256 quae
935 1177 1049 1236 nullam
1067 1177 1178 1237 liabent
1191 1177 1282 1238 aliam
1301 1177 1444 1236 rationem
1460 1197 1548 1255 appe·

445 1271 594 1332 tibilitatis
616 1273 750 1350 (Bonum
766 1275 844 1334 enim
860 1285 919 1335 eat:
942 1273 1038 1354 “quod
1055 1275 1156 1334 onmia
1170 1274 1358 1354 appetunt,’')
1374 1274 1431 1333 riisi
1453 1273 1547 1334 delec-

446 1369 599 1444 tationem,
624 1393 690 1432 cum
716 1372 879 1452 aliquando
904 1374 963 1433 sint
988 1373 1079 1433 noxia
1094 1383 1123 1433 ct
1147 1373 1310 1433 inhonesta.
1361 1371 1451 1432 Utilia
1475 1393 1544 1432 vero

445 1466 595 1540 dicuntur,
610 1489 686 1546 quae
701 1489 759 1529 uon
774 1468 887 1528 habent
902 1469 931 1529 in
947 1491 977 1528 ae
993 1453 1297 1542 unde'daeidcrentun
1311 1468 1363 1528 aed
1377 1468 1545 1528 desideran-

410 1623 413 1640 ,
445 1583 493 1624 tur
516 1565 622 1636 solum,
646 1576 680 1626 ut
700 1577 770 1627 sunt
792 1565 926 1626 ducentia
952 1569 980 1626 io
1005 1567 1143 1640 alterum,
1167 1576 1200 1626 ut
1228 1567 1357 1645 sumptio
1381 1565 1545 1626 medicinae

442 1682 572 1724 amarae.
623 1662 759 1724 Honeata
784 1683 854 1740 vero
875 1664 1017 1724 dicuntur
1039 1685 1115 1744 quae
1139 1666 1170 1724 io
1192 1664 1292 1742 culpata
1322 1663 1442 1736 habeut,
1466 1662 1545 1722 unde

445 1758 675 1820 desiderentur.''
716 1759 853 1822 Adverte
874 1762 1001 1840 insuper,
1017 1762 1096 1840 quod
1110 1773 1140 1822 et
1155 1761 1216 1841 ipae
1230 1755 1259 1822 S.
1276 1761 1390 1822 Ductor
1403 1759 1543 1833 advertit,

446 1857 523 1916 hano
543 1856 719 1917 divisionem
736 1879 794 1918 nou
811 1861 1007 1931 mecanicum,
1022 1859 1100 1937 quod
1116 1859 1282 1938 aequaliter
1302 1857 1493 1938 praedicatur
1507 1858 1543 1916 de

444 1953 503 2012 auia
517 1952 665 2031 subjectis,
676 1954 725 2014 sed
741 1956 869 2033 urrcmyi,
881 1957 959 2034 quod
975 1957 1167 2035 paredicatur
1180 1978 1233 2036 per
1247 1959 1329 2037 priua
1340 1967 1370 2017 et
1384 1957 1543 2035 posterium

444 2053 513 2127 '‘pcr
528 2052 616 2128 priua
629 2051 740 2111 bonum
756 2052 946 2130 praedicatur
957 2053 993 2112 de
1009 2053 1130 2114 honesto
1141 2065 1170 2114 et
1183 2053 1355 2114 aeouudcrt'o
1370 2053 1407 2113 de
1417 2052 1543 2112 delecta·

443 2145 506 2218 bili,
521 2149 602 2207 tct'tm
616 2147 653 2206 de
667 2147 754 2207 utili''
768 2147 788 2206 l.
804 2169 827 2207 c.
843 2148 881 2208 ad
903 2149 983 2209 3um.
1000 2149 1043 2227 (n.
1059 2149 1121 2222 24.)

484 2242 534 2302 Ex
550 2243 637 2304 dictis
651 2243 778 2322 colliges.

477 2339 669 2424 'Divisionum
684 2339 768 2399 illam
784 2360 844 2400 auae
858 2341 1029 2418 lambetam,
1044 2361 1120 2420 quae
1132 2343 1326 2419 reciprocatur
1340 2359 1408 2401 cum
1437 2339 1543 2416 Divim

444 2437 460 2494 i.
475 2455 499 2495 e.
515 2455 591 2514 quae
613 2445 656 2496 est
678 2435 831 2515 ejusmodi,
848 2445 880 2495 ut
905 2437 969 2514 ipsu
990 2457 1057 2496 cum
1081 2436 1184 2509 diviso,
1199 2446 1229 2496 et
1251 2436 1381 2496 vicissim
1403 2435 1540 2496 Divisum

443 2555 511 2594 cum
525 2534 590 2612 ipsa
604 2535 727 2594 convoti
746 2545 849 2614 potest.
892 2535 941 2596 Sic
963 2535 1092 2615 perfectu
1106 2546 1150 2596 eat
1164 2536 1237 2596 haec
1251 2536 1375 2596 divisio:
1397 2537 1543 2596 “Anima-

443 2629 516 2690 lium
530 2630 592 2691 alia
606 2641 675 2691 sunt
689 2651 775 2692 aenan
792 2633 937 2711 praedita,
954 2632 1014 2694 alia
1029 2633 1172 2694 ratione.''

833 2923 1082 2986 Anarcnnus
1099 2903 1147 2984 11.

852 3137 897 3178 DE
911 3137 1138 3179 DEFINITIONE.

483 3313 549 3374 122.
593 3313 745 3387 Definitio,
759 3333 836 3393 quae
858 3314 949 3375 etiam
964 3313 1078 3374 Flauio
1092 3314 1174 3392 apud
1198 3312 1323 3374 Latinos
1337 3321 1538 3390 nuncupatur.

443 3420 513 3471 reste
535 3410 725 3486 Quintiliano
748 3410 799 3470 lib.
820 3413 846 3472 7.
872 3432 896 3470 c.
919 3412 946 3470 4.
962 3410 1001 3470 ab
1016 3431 1155 3489 agrorum
1172 3411 1280 3470 linibus
1296 3430 1400 3468 nonum
1418 3408 1539 3486 rar-cepit.

442 3507 703 3585 Quemadmodum
718 3507 796 3566 enim
819 3527 958 3586 agrorum
983 3508 1054 3568 fine
1068 3529 1155 3587 agros
1170 3507 1312 3588 dmlrriuut
1334 3505 1537 3583 clauduutquc

442 3615 531 3683 atque
545 3603 619 3663 alios
633 3603 673 3662 ab
687 3603 754 3664 aliia
767 3611 916 3664 accurrunt
925 3627 935 3674 ,·
957 3605 1000 3664 ita
1013 3604 1146 3664 definitio
1162 3604 1296 3664 nmflmia
1311 3602 1404 3662 veluti
1420 3601 1537 3680 quibim-

441 3702 510 3761 datn
532 3700 748 3761 circumscribit
762 3700 801 3760 ab
816 3701 941 3780 aliisque
961 3701 1148 3762 discriminat
1168 3701 1316 3780 objectum
1333 3699 1459 3777 (dicitur
1473 3700 1540 3758 defi-

444 3798 554 3874 nitum)
570 3797 649 3857 circa
671 3797 751 3876 quod
775 3807 917 3857 vereatur.
960 3797 1015 3857 Est
1038 3810 1139 3857 autem
1164 3797 1312 3877 defiuitio;
1334 3797 1457 3866 ‘foratim
1480 3815 1537 3884 qua

442 3893 634 3973 respondetur
657 3888 861 3971 interroganti,
876 3894 948 3972 quid
963 3893 1078 3973 aliquid
1092 3893 1131 3955 sit
1141 3895 1166 3953 :⁹¹
1182 3894 1221 3954 ab
1237 3893 1398 3954 Aristotele
1412 3885 1537 3954 dicitnr:

441 3992 563 4064 “oratio
575 4011 651 4070 quae
662 3991 818 4050 recentiam
829 3991 962 4070 aliquam
979 4003 1157 4052 naturamve
1167 3991 1301 4078 declarat
1312 3991 1337 4062 ;”
1352 4003 1382 4050 et
1393 3991 1522 4051 vicimim
1533 4013 1538 4052 :

440 4089 490 4150 '‘id
512 4090 596 4170 cujus
617 4087 742 4148 meantia
756 4086 805 4148 vel
827 4098 937 4148 natura
959 4089 1155 4168 explicatur,”
1171 4088 1320 4168 definitum
1333 4087 1373 4148 ab
1389 4087 1452 4167 ipso
1466 4109 1539 4146 nun·

440 4195 575 4264 cupatur.
618 4183 690 4260 Qua
704 4183 735 4242 in
750 4203 782 4244 rc
796 4183 928 4246 observa.
971 4183 1182 4245 I.-Definitio
1197 4183 1308 4244 dicitur
1328 4182 1447 4243 Oratio:
1469 4183 1537 4262 quia

439 4282 504 4360 ipae
526 4279 614 4342 debet
635 4279 802 4341 intellectui
824 4279 969 4342 subiicere
991 4281 1031 4354 id,
1054 4281 1133 4360 quod
1157 4301 1262 4340 nomen
1279 4279 1393 4341 deliniti
1416 4280 1539 4340 obscure
