<?xml version="1.0" encoding="UTF-8"?>
<!DOCTYPE html PUBLIC "-//W3C//DTD XHTML 1.0 Transitional//EN"
    "http://www.w3.org/TR/xhtml1/DTD/xhtml1-transitional.dtd">
<html xmlns="http://www.w3.org/1999/xhtml" xml:lang="en" lang="en">
 <head>
  <title>
</title>
<meta http-equiv="Content-Type" content="text/html;charset=utf-8" />
  <meta name='ocr-system' content='tesseract 3.04.00' />
  <meta name='ocr-capabilities' content='ocr_page ocr_carea ocr_par ocr_line ocrx_word'/>
</head>
<body>
  <div class='ocr_page' id='page_1' title='image "./logicaegenerali00schigoog_0308.png"; bbox 0 0 3138 4956; ppageno 0'>
   <div class='ocr_carea' id='block_1_1' title="bbox 447 447 1246 528">
    <p class='ocr_par' dir='ltr' id='par_1_1' title="bbox 447 447 1246 528">
     <span class='ocr_line' id='line_1_1' title="bbox 447 447 1246 528; baseline -0.006 -17"><span class='ocrx_word' id='word_1_1' title='bbox 447 451 493 511; x_wconf 66' lang='lat' dir='ltr'><strong>oe</strong></span> <span class='ocrx_word' id='word_1_2' title='bbox 519 451 616 510; x_wconf 64' lang='lat' dir='ltr'><strong>naua</strong></span> <span class='ocrx_word' id='word_1_3' title='bbox 639 451 747 510; x_wconf 68' lang='lat' dir='ltr'><strong>uma</strong></span> <span class='ocrx_word' id='word_1_4' title='bbox 773 450 954 528; x_wconf 60' lang='lat' dir='ltr'><strong>opacum</strong></span> <span class='ocrx_word' id='word_1_5' title='bbox 1190 447 1246 506; x_wconf 82' lang='lat' dir='ltr'><strong>aar</strong></span> 
     </span>
    </p>
   </div>
   <div class='ocr_carea' id='block_1_2' title="bbox 148 643 1316 820">
    <p class='ocr_par' dir='ltr' id='par_1_2' title="bbox 148 643 1316 820">
     <span class='ocr_line' id='line_1_2' title="bbox 191 643 1316 722; baseline -0.004 -18"><span class='ocrx_word' id='word_1_6' title='bbox 191 645 275 706; x_wconf 86' lang='lat' dir='ltr'><strong>Dtoo</strong></span> <span class='ocrx_word' id='word_1_7' title='bbox 307 645 561 707; x_wconf 76' lang='lat' dir='ltr'><strong>VL--Geacralit</strong></span> <span class='ocrx_word' id='word_1_8' title='bbox 589 645 690 704; x_wconf 82' lang='lat' dir='ltr'><strong>divisio</strong></span> <span class='ocrx_word' id='word_1_9' title='bbox 712 647 899 704; x_wconf 65' lang='lat' dir='ltr'><strong>scientiam</strong></span> <span class='ocrx_word' id='word_1_10' title='bbox 920 647 1024 722; x_wconf 82' lang='lat' dir='ltr'><strong>optime</strong></span> <span class='ocrx_word' id='word_1_11' title='bbox 1046 643 1206 712; x_wconf 71' lang='lat' dir='ltr'><strong>desumitur</strong></span> <span class='ocrx_word' id='word_1_12' title='bbox 1228 663 1247 700; x_wconf 86' lang='lat' dir='ltr'><strong>a</strong></span> <span class='ocrx_word' id='word_1_13' title='bbox 1308 698 1316 716; x_wconf 63' lang='grc'>,</span> 
     </span>
     <span class='ocr_line' id='line_1_3' title="bbox 148 739 1250 820; baseline 0 -22"><span class='ocrx_word' id='word_1_14' title='bbox 148 741 259 801; x_wconf 80' lang='lat' dir='ltr'><strong>diuerso</strong></span> <span class='ocrx_word' id='word_1_15' title='bbox 274 743 472 802; x_wconf 60' lang='lat' dir='ltr'><strong>abstractionis</strong></span> <span class='ocrx_word' id='word_1_16' title='bbox 484 742 600 820; x_wconf 62' lang='lat' dir='ltr'><strong>cruda:</strong></span> <span class='ocrx_word' id='word_1_17' title='bbox 621 745 746 820; x_wconf 68' lang='lat' dir='ltr'><strong>irrepet-to</strong></span> <span class='ocrx_word' id='word_1_18' title='bbox 759 742 810 801; x_wconf 78' lang='lat' dir='ltr'><strong>hac</strong></span> <span class='ocrx_word' id='word_1_19' title='bbox 816 742 1019 820; x_wconf 61' lang='lat' dir='ltr'><strong>firmamento,</strong></span> <span class='ocrx_word' id='word_1_20' title='bbox 1026 744 1098 820; x_wconf 79' lang='lat' dir='ltr'><strong>jare</strong></span> <span class='ocrx_word' id='word_1_21' title='bbox 1108 739 1250 800; x_wconf 74' lang='lat' dir='ltr'><strong>dividitur</strong></span> 
     </span>
    </p>
   </div>
   <div class='ocr_carea' id='block_1_3' title="bbox 146 829 1251 1092">
    <p class='ocr_par' dir='ltr' id='par_1_3' title="bbox 146 829 1251 1092">
     <span class='ocr_line' id='line_1_4' title="bbox 149 829 1251 919; baseline -0.002 -23"><span class='ocrx_word' id='word_1_22' title='bbox 149 837 270 897; x_wconf 81' lang='lat' dir='ltr'><strong>scicntia</strong></span> <span class='ocrx_word' id='word_1_23' title='bbox 284 841 317 898; x_wconf 83' lang='lat' dir='ltr'><strong>in</strong></span> <span class='ocrx_word' id='word_1_24' title='bbox 330 840 457 919; x_wconf 69' lang='lat' dir='ltr'><strong>quicuque</strong></span> <span class='ocrx_word' id='word_1_25' title='bbox 477 829 647 916; x_wconf 68' lang='lat' dir='ltr'><strong>primarias,</strong></span> <span class='ocrx_word' id='word_1_26' title='bbox 661 859 707 898; x_wconf 83' lang='lat' dir='ltr'><strong>aa:</strong></span> <span class='ocrx_word' id='word_1_27' title='bbox 729 838 890 916; x_wconf 63' lang='lat' dir='ltr'><strong>Plutum,</strong></span> <span class='ocrx_word' id='word_1_28' title='bbox 905 837 1145 908; x_wconf 72' lang='lat' dir='ltr'><strong>Matlmatioam,</strong></span> <span class='ocrx_word' id='word_1_29' title='bbox 1162 835 1251 896; x_wconf 85' lang='lat' dir='ltr'><strong>Meto·</strong></span> 
     </span>
     <span class='ocr_line' id='line_1_5' title="bbox 148 925 1249 1030; baseline -0.012 -26"><span class='ocrx_word' id='word_1_30' title='bbox 148 932 305 1011; x_wconf 73' lang='lat' dir='ltr'><strong>ptuc&#39;cam,</strong></span> <span class='ocrx_word' id='word_1_31' title='bbox 321 935 467 1030; x_wconf 63' lang='lat' dir='ltr'><strong>tequea,</strong></span> <span class='ocrx_word' id='word_1_32' title='bbox 482 935 632 1006; x_wconf 41' lang='lat' dir='ltr'><strong>xaurata,</strong></span> <span class='ocrx_word' id='word_1_33' title='bbox 645 936 750 1014; x_wconf 60' lang='lat' dir='ltr'><strong>mun</strong></span> <span class='ocrx_word' id='word_1_34' title='bbox 769 937 897 1016; x_wconf 57' lang='lat' dir='ltr'><strong>aarum</strong></span> <span class='ocrx_word' id='word_1_35' title='bbox 911 937 1058 994; x_wconf 66' lang='lat' dir='ltr'><strong>nuaram</strong></span> <span class='ocrx_word' id='word_1_36' title='bbox 1072 925 1249 1012; x_wconf 63' lang='lat' dir='ltr'><strong>&#39;coaptum</strong></span> 
     </span>
     <span class='ocr_line' id='line_1_6' title="bbox 146 1031 510 1092; baseline 0.008 -4"><span class='ocrx_word' id='word_1_37' title='bbox 146 1039 218 1089; x_wconf 74' lang='lat' dir='ltr'><strong>rade</strong></span> <span class='ocrx_word' id='word_1_38' title='bbox 230 1031 510 1092; x_wconf 61' lang='lat' dir='ltr'><strong>mordinatum.-</strong></span> 
     </span>
    </p>
   </div>
   <div class='ocr_carea' id='block_1_4' title="bbox 362 1146 1324 1306">
    <p class='ocr_par' dir='ltr' id='par_1_4' title="bbox 362 1146 1324 1306">
     <span class='ocr_line' id='line_1_7' title="bbox 362 1146 1324 1232; baseline 0.005 -27"><span class='ocrx_word' id='word_1_39' title='bbox 362 1147 418 1232; x_wconf 62' lang='lat' dir='ltr'><strong>JS.</strong></span> <span class='ocrx_word' id='word_1_40' title='bbox 433 1146 489 1207; x_wconf 84' lang='lat' dir='ltr'><strong>Tlr.</strong></span> <span class='ocrx_word' id='word_1_41' title='bbox 504 1149 561 1226; x_wconf 90' lang='lat' dir='ltr'><strong>Op.</strong></span> <span class='ocrx_word' id='word_1_42' title='bbox 573 1169 662 1226; x_wconf 88' lang='lat' dir='ltr'><strong>super</strong></span> <span class='ocrx_word' id='word_1_43' title='bbox 678 1148 760 1208; x_wconf 88' lang='lat' dir='ltr'><strong>Boct</strong></span> <span class='ocrx_word' id='word_1_44' title='bbox 773 1149 808 1208; x_wconf 87' lang='lat' dir='ltr'><strong>de</strong></span> <span class='ocrx_word' id='word_1_45' title='bbox 828 1149 969 1208; x_wconf 71' lang='lat' dir='ltr'><strong>lli-initote</strong></span> <span class='ocrx_word' id='word_1_46' title='bbox 982 1171 1010 1227; x_wconf 87' lang='lat' dir='ltr'><strong>q.</strong></span> <span class='ocrx_word' id='word_1_47' title='bbox 1025 1150 1052 1208; x_wconf 87' lang='lat'><strong>5.</strong></span> <span class='ocrx_word' id='word_1_48' title='bbox 1068 1170 1094 1208; x_wconf 87' lang='lat' dir='ltr'><strong>a.</strong></span> <span class='ocrx_word' id='word_1_49' title='bbox 1106 1148 1249 1208; x_wconf 86' lang='lat' dir='ltr'><strong>l.-ltcm</strong></span> <span class='ocrx_word' id='word_1_50' title='bbox 1322 1203 1324 1210; x_wconf 73' lang='grc'>,</span> 
     </span>
     <span class='ocr_line' id='line_1_8' title="bbox 364 1226 1249 1306; baseline 0.005 -21"><span class='ocrx_word' id='word_1_51' title='bbox 364 1230 416 1306; x_wconf 63' lang='grc'><strong>(1.</strong></span> <span class='ocrx_word' id='word_1_52' title='bbox 433 1226 500 1287; x_wconf 88' lang='lat' dir='ltr'><strong>Par.</strong></span> <span class='ocrx_word' id='word_1_53' title='bbox 523 1249 550 1306; x_wconf 89' lang='lat' dir='ltr'><strong>q.</strong></span> <span class='ocrx_word' id='word_1_54' title='bbox 567 1230 615 1288; x_wconf 81' lang='lat'><strong>85.</strong></span> <span class='ocrx_word' id='word_1_55' title='bbox 630 1249 656 1289; x_wconf 90' lang='lat' dir='ltr'><strong>a.</strong></span> <span class='ocrx_word' id='word_1_56' title='bbox 675 1231 699 1288; x_wconf 93' lang='grc'><strong>1.</strong></span> <span class='ocrx_word' id='word_1_57' title='bbox 714 1229 753 1288; x_wconf 92' lang='lat' dir='ltr'><strong>ad</strong></span> <span class='ocrx_word' id='word_1_58' title='bbox 776 1230 924 1288; x_wconf 67' lang='lat' dir='ltr'><strong>lum-l.</strong></span> <span class='ocrx_word' id='word_1_59' title='bbox 942 1229 1118 1289; x_wconf 80' lang='lat' dir='ltr'><strong>Ethiooraru</strong></span> <span class='ocrx_word' id='word_1_60' title='bbox 1141 1230 1206 1289; x_wconf 91' lang='lat' dir='ltr'><strong>lect.</strong></span> <span class='ocrx_word' id='word_1_61' title='bbox 1222 1231 1249 1289; x_wconf 84' lang='lat'><strong>4.</strong></span> 
     </span>
    </p>
   </div>
   <div class='ocr_carea' id='block_1_5' title="bbox 143 1422 1251 4211">
    <p class='ocr_par' dir='ltr' id='par_1_5' title="bbox 145 1422 1251 2272">
     <span class='ocr_line' id='line_1_9' title="bbox 191 1422 1249 1501; baseline 0.004 -25"><span class='ocrx_word' id='word_1_62' title='bbox 191 1423 259 1481; x_wconf 83' lang='lat'><strong>341.</strong></span> <span class='ocrx_word' id='word_1_63' title='bbox 301 1422 428 1500; x_wconf 74' lang='lat' dir='ltr'><strong>Sumpta</strong></span> <span class='ocrx_word' id='word_1_64' title='bbox 453 1423 577 1483; x_wconf 87' lang='lat' dir='ltr'><strong>scientia</strong></span> <span class='ocrx_word' id='word_1_65' title='bbox 597 1443 727 1483; x_wconf 90' lang='lat' dir='ltr'><strong>seorsum</strong></span> <span class='ocrx_word' id='word_1_66' title='bbox 757 1443 810 1501; x_wconf 89' lang='lat' dir='ltr'><strong>pru</strong></span> <span class='ocrx_word' id='word_1_67' title='bbox 832 1422 960 1501; x_wconf 77' lang='lat' dir='ltr'>simplici</span> <span class='ocrx_word' id='word_1_68' title='bbox 988 1423 1249 1483; x_wconf 71' lang='lat' dir='ltr'><strong>demonstrationis</strong></span> 
     </span>
     <span class='ocr_line' id='line_1_10' title="bbox 145 1517 1251 1597; baseline 0.004 -23"><span class='ocrx_word' id='word_1_69' title='bbox 145 1517 263 1588; x_wconf 73' lang='lat' dir='ltr'><strong>ellectu,</strong></span> <span class='ocrx_word' id='word_1_70' title='bbox 279 1517 426 1578; x_wconf 86' lang='lat' dir='ltr'><strong>infinitam</strong></span> <span class='ocrx_word' id='word_1_71' title='bbox 442 1519 656 1597; x_wconf 86' lang='lat' dir='ltr'>propemodum</span> <span class='ocrx_word' id='word_1_72' title='bbox 672 1521 825 1579; x_wconf 92' lang='lat' dir='ltr'><strong>notionum</strong></span> <span class='ocrx_word' id='word_1_73' title='bbox 843 1519 1065 1578; x_wconf 78' lang='lat' dir='ltr'><strong>multitudinem</strong></span> <span class='ocrx_word' id='word_1_74' title='bbox 1081 1519 1251 1597; x_wconf 89' lang='lat' dir='ltr'><strong>complecti·</strong></span> 
     </span>
     <span class='ocr_line' id='line_1_11' title="bbox 146 1612 1248 1693; baseline 0.002 -21"><span class='ocrx_word' id='word_1_75' title='bbox 146 1625 205 1672; x_wconf 86' lang='lat' dir='ltr'><strong>tur.</strong></span> <span class='ocrx_word' id='word_1_76' title='bbox 247 1612 305 1673; x_wconf 77' lang='lat' dir='ltr'><strong>&#39;l&#39;ot</strong></span> <span class='ocrx_word' id='word_1_77' title='bbox 334 1613 426 1692; x_wconf 85' lang='lat' dir='ltr'><strong>igitur</strong></span> <span class='ocrx_word' id='word_1_78' title='bbox 452 1627 541 1676; x_wconf 88' lang='lat' dir='ltr'><strong>erunt</strong></span> <span class='ocrx_word' id='word_1_79' title='bbox 567 1615 716 1686; x_wconf 73' lang='lat' dir='ltr'><strong>scientiae,</strong></span> <span class='ocrx_word' id='word_1_80' title='bbox 741 1626 814 1693; x_wconf 91' lang='lat' dir='ltr'><strong>quot</strong></span> <span class='ocrx_word' id='word_1_81' title='bbox 841 1615 1105 1675; x_wconf 75' lang='lat' dir='ltr'><strong>demonstrationes</strong></span> <span class='ocrx_word' id='word_1_82' title='bbox 1134 1617 1248 1676; x_wconf 87' lang='lat' dir='ltr'><strong>institui</strong></span> 
     </span>
     <span class='ocr_line' id='line_1_12' title="bbox 149 1711 1248 1788; baseline 0.001 -19"><span class='ocrx_word' id='word_1_83' title='bbox 149 1721 279 1788; x_wconf 70' lang='lat' dir='ltr'><strong>missum.</strong></span> <span class='ocrx_word' id='word_1_84' title='bbox 322 1711 367 1771; x_wconf 82' lang='lat' dir='ltr'><strong>At</strong></span> <span class='ocrx_word' id='word_1_85' title='bbox 378 1711 549 1784; x_wconf 91' lang='lat' dir='ltr'><strong>multitudo,</strong></span> <span class='ocrx_word' id='word_1_86' title='bbox 559 1713 617 1772; x_wconf 92' lang='lat' dir='ltr'><strong>nisi</strong></span> <span class='ocrx_word' id='word_1_87' title='bbox 628 1711 731 1772; x_wconf 86' lang='lat' dir='ltr'><strong>ordine</strong></span> <span class='ocrx_word' id='word_1_88' title='bbox 747 1713 920 1780; x_wconf 78' lang='lat' dir='ltr'><strong>instruatur,</strong></span> <span class='ocrx_word' id='word_1_89' title='bbox 932 1711 1133 1770; x_wconf 78' lang='lat' dir='ltr'><strong>confusionem</strong></span> <span class='ocrx_word' id='word_1_90' title='bbox 1142 1711 1248 1788; x_wconf 51' lang='lat' dir='ltr'><strong>¹pariat</strong></span> 
     </span>
     <span class='ocr_line' id='line_1_13' title="bbox 147 1807 1251 1894; baseline 0.002 -29"><span class='ocrx_word' id='word_1_91' title='bbox 147 1826 296 1894; x_wconf 76' lang='lat' dir='ltr'><strong>necessum</strong></span> <span class='ocrx_word' id='word_1_92' title='bbox 312 1817 363 1866; x_wconf 83' lang='lat' dir='ltr'><strong>est</strong></span> <span class='ocrx_word' id='word_1_93' title='bbox 395 1807 479 1887; x_wconf 89' lang='lat' dir='ltr'><strong>Opus</strong></span> <span class='ocrx_word' id='word_1_94' title='bbox 493 1818 537 1868; x_wconf 88' lang='lat' dir='ltr'><strong>est</strong></span> <span class='ocrx_word' id='word_1_95' title='bbox 551 1808 651 1886; x_wconf 85' lang='lat' dir='ltr'><strong>igitur,</strong></span> <span class='ocrx_word' id='word_1_96' title='bbox 667 1818 700 1868; x_wconf 91' lang='lat' dir='ltr'><strong>ut</strong></span> <span class='ocrx_word' id='word_1_97' title='bbox 713 1828 762 1868; x_wconf 86' lang='lat' dir='ltr'><strong>ars</strong></span> <span class='ocrx_word' id='word_1_98' title='bbox 776 1809 931 1867; x_wconf 86' lang='lat' dir='ltr'><strong>desumeus</strong></span> <span class='ocrx_word' id='word_1_99' title='bbox 941 1828 960 1867; x_wconf 86' lang='lat' dir='ltr'><strong>a</strong></span> <span class='ocrx_word' id='word_1_100' title='bbox 975 1819 1083 1866; x_wconf 86' lang='lat' dir='ltr'><strong>natura</strong></span> <span class='ocrx_word' id='word_1_101' title='bbox 1097 1807 1251 1867; x_wconf 86' lang='lat' dir='ltr'><strong>divisionis</strong></span> 
     </span>
     <span class='ocr_line' id='line_1_14' title="bbox 147 1901 1251 1983; baseline 0.005 -23"><span class='ocrx_word' id='word_1_102' title='bbox 147 1901 377 1963; x_wconf 78' lang='lat' dir='ltr'><strong>fundamentum</strong></span> <span class='ocrx_word' id='word_1_103' title='bbox 386 1925 480 1983; x_wconf 88' lang='lat' dir='ltr'><strong>eoque</strong></span> <span class='ocrx_word' id='word_1_104' title='bbox 488 1905 602 1976; x_wconf 85' lang='lat' dir='ltr'><strong>innixa,</strong></span> <span class='ocrx_word' id='word_1_105' title='bbox 611 1907 641 1964; x_wconf 92' lang='lat' dir='ltr'><strong>in</strong></span> <span class='ocrx_word' id='word_1_106' title='bbox 652 1904 757 1965; x_wconf 79' lang='lat' dir='ltr'><strong>classes</strong></span> <span class='ocrx_word' id='word_1_107' title='bbox 767 1907 865 1966; x_wconf 85' lang='lat' dir='ltr'><strong>varias</strong></span> <span class='ocrx_word' id='word_1_108' title='bbox 875 1906 928 1966; x_wconf 89' lang='lat' dir='ltr'><strong>has</strong></span> <span class='ocrx_word' id='word_1_109' title='bbox 935 1905 1110 1965; x_wconf 78' lang='lat' dir='ltr'><strong>scientificus</strong></span> <span class='ocrx_word' id='word_1_110' title='bbox 1120 1907 1251 1965; x_wconf 84' lang='lat' dir='ltr'><strong>notiones</strong></span> 
     </span>
     <span class='ocr_line' id='line_1_15' title="bbox 145 2000 1251 2078; baseline 0 -18"><span class='ocrx_word' id='word_1_111' title='bbox 145 2000 321 2078; x_wconf 80' lang='lat' dir='ltr'><strong>distinguat</strong></span> <span class='ocrx_word' id='word_1_112' title='bbox 363 2003 413 2062; x_wconf 83' lang='lat' dir='ltr'><strong>Sic</strong></span> <span class='ocrx_word' id='word_1_113' title='bbox 427 2015 457 2063; x_wconf 91' lang='lat' dir='ltr'><strong>et</strong></span> <span class='ocrx_word' id='word_1_114' title='bbox 468 2003 604 2062; x_wconf 87' lang='lat' dir='ltr'><strong>confusio</strong></span> <span class='ocrx_word' id='word_1_115' title='bbox 619 2003 766 2063; x_wconf 81' lang='lat' dir='ltr'><strong>vitabitur</strong></span> <span class='ocrx_word' id='word_1_116' title='bbox 780 2015 808 2063; x_wconf 85' lang='lat' dir='ltr'><strong>ct</strong></span> <span class='ocrx_word' id='word_1_117' title='bbox 823 2003 944 2062; x_wconf 78' lang='lat' dir='ltr'><strong>claritas</strong></span> <span class='ocrx_word' id='word_1_118' title='bbox 953 2023 989 2061; x_wconf 86' lang='lat' dir='ltr'><strong>ac</strong></span> <span class='ocrx_word' id='word_1_119' title='bbox 1000 2002 1150 2061; x_wconf 90' lang='lat' dir='ltr'><strong>distinctio</strong></span> <span class='ocrx_word' id='word_1_120' title='bbox 1163 2001 1251 2061; x_wconf 86' lang='lat' dir='ltr'><strong>habe</strong></span> 
     </span>
     <span class='ocr_line' id='line_1_16' title="bbox 147 2095 1249 2176; baseline 0.002 -22"><span class='ocrx_word' id='word_1_121' title='bbox 147 2095 238 2156; x_wconf 90' lang='lat' dir='ltr'><strong>bitur.</strong></span> <span class='ocrx_word' id='word_1_122' title='bbox 282 2097 325 2158; x_wconf 81' lang='lat' dir='ltr'><strong>At</strong></span> <span class='ocrx_word' id='word_1_123' title='bbox 335 2097 486 2175; x_wconf 88' lang='lat' dir='ltr'><strong>quodnam</strong></span> <span class='ocrx_word' id='word_1_124' title='bbox 498 2109 542 2158; x_wconf 88' lang='lat' dir='ltr'><strong>est</strong></span> <span class='ocrx_word' id='word_1_125' title='bbox 552 2099 723 2176; x_wconf 88' lang='lat' dir='ltr'><strong>hujusmodi</strong></span> <span class='ocrx_word' id='word_1_126' title='bbox 734 2099 974 2168; x_wconf 84' lang='lat' dir='ltr'><strong>fundamentum,</strong></span> <span class='ocrx_word' id='word_1_127' title='bbox 985 2117 1045 2176; x_wconf 88' lang='lat' dir='ltr'><strong>quo</strong></span> <span class='ocrx_word' id='word_1_128' title='bbox 1057 2097 1249 2175; x_wconf 86' lang='lat' dir='ltr'><strong>philosophus</strong></span> 
     </span>
     <span class='ocr_line' id='line_1_17' title="bbox 148 2191 1023 2272; baseline 0.005 -22"><span class='ocrx_word' id='word_1_129' title='bbox 148 2191 235 2252; x_wconf 88' lang='lat' dir='ltr'><strong>inniti</strong></span> <span class='ocrx_word' id='word_1_130' title='bbox 251 2192 339 2253; x_wconf 89' lang='lat' dir='ltr'><strong>debet</strong></span> <span class='ocrx_word' id='word_1_131' title='bbox 353 2194 383 2252; x_wconf 90' lang='lat' dir='ltr'><strong>in</strong></span> <span class='ocrx_word' id='word_1_132' title='bbox 399 2195 456 2253; x_wconf 88' lang='lat' dir='ltr'><strong>bac</strong></span> <span class='ocrx_word' id='word_1_133' title='bbox 468 2195 659 2254; x_wconf 78' lang='lat' dir='ltr'><strong>scientiarum</strong></span> <span class='ocrx_word' id='word_1_134' title='bbox 674 2194 820 2254; x_wconf 87' lang='lat' dir='ltr'><strong>divisione</strong></span> <span class='ocrx_word' id='word_1_135' title='bbox 835 2193 1023 2272; x_wconf 81' lang='lat' dir='ltr'><strong>peragenda?</strong></span> 
     </span>
    </p>

    <p class='ocr_par' dir='ltr' id='par_1_6' title="bbox 145 2289 1250 3048">
     <span class='ocr_line' id='line_1_18' title="bbox 191 2289 1249 2368; baseline 0 -18"><span class='ocrx_word' id='word_1_136' title='bbox 191 2289 493 2368; x_wconf 64' lang='lat' dir='ltr'><strong>Respondes-Sunt</strong></span> <span class='ocrx_word' id='word_1_137' title='bbox 505 2290 557 2368; x_wconf 93' lang='lat' dir='ltr'><strong>qui</strong></span> <span class='ocrx_word' id='word_1_138' title='bbox 568 2291 743 2351; x_wconf 86' lang='lat' dir='ltr'><strong>existimant</strong></span> <span class='ocrx_word' id='word_1_139' title='bbox 758 2291 813 2350; x_wconf 90' lang='lat' dir='ltr'><strong>hoc</strong></span> <span class='ocrx_word' id='word_1_140' title='bbox 824 2289 1054 2349; x_wconf 84' lang='lat' dir='ltr'><strong>fundamentum</strong></span> <span class='ocrx_word' id='word_1_141' title='bbox 1066 2311 1126 2349; x_wconf 87' lang='lat' dir='ltr'><strong>esse</strong></span> <span class='ocrx_word' id='word_1_142' title='bbox 1137 2289 1249 2350; x_wconf 81' lang='lat' dir='ltr'><strong>diuersa</strong></span> 
     </span>
     <span class='ocr_line' id='line_1_19' title="bbox 146 2387 1250 2465; baseline -0.001 -19"><span class='ocrx_word' id='word_1_143' title='bbox 146 2387 317 2462; x_wconf 62' lang='lat' dir='ltr'><strong>objectentur</strong></span> <span class='ocrx_word' id='word_1_144' title='bbox 339 2409 466 2465; x_wconf 69' lang='lat' dir='ltr'><strong>uenero:</strong></span> <span class='ocrx_word' id='word_1_145' title='bbox 487 2387 541 2448; x_wconf 89' lang='lat' dir='ltr'><strong>alii</strong></span> <span class='ocrx_word' id='word_1_146' title='bbox 562 2389 592 2446; x_wconf 93' lang='lat' dir='ltr'><strong>in</strong></span> <span class='ocrx_word' id='word_1_147' title='bbox 608 2387 769 2446; x_wconf 68' lang='lat' dir='ltr'><strong>diversitate</strong></span> <span class='ocrx_word' id='word_1_148' title='bbox 783 2389 978 2464; x_wconf 75' lang='lat' dir='ltr'><strong>potcrtticrum</strong></span> <span class='ocrx_word' id='word_1_149' title='bbox 994 2387 1161 2464; x_wconf 85' lang='lat' dir='ltr'><strong>hujusmodi</strong></span> <span class='ocrx_word' id='word_1_150' title='bbox 1187 2389 1250 2445; x_wconf 84' lang='lat' dir='ltr'><strong>liru-</strong></span> 
     </span>
     <span class='ocr_line' id='line_1_20' title="bbox 146 2483 1249 2561; baseline 0.002 -19"><span class='ocrx_word' id='word_1_151' title='bbox 146 2484 321 2544; x_wconf 88' lang='lat' dir='ltr'><strong>dameutum</strong></span> <span class='ocrx_word' id='word_1_152' title='bbox 335 2485 426 2545; x_wconf 87' lang='lat' dir='ltr'><strong>situm</strong></span> <span class='ocrx_word' id='word_1_153' title='bbox 438 2505 500 2545; x_wconf 88' lang='lat' dir='ltr'><strong>esse</strong></span> <span class='ocrx_word' id='word_1_154' title='bbox 508 2486 708 2545; x_wconf 77' lang='lat' dir='ltr'><strong>contendunt:</strong></span> <span class='ocrx_word' id='word_1_155' title='bbox 723 2484 777 2544; x_wconf 87' lang='lat' dir='ltr'><strong>alii</strong></span> <span class='ocrx_word' id='word_1_156' title='bbox 789 2484 895 2545; x_wconf 90' lang='lat' dir='ltr'><strong>volunt</strong></span> <span class='ocrx_word' id='word_1_157' title='bbox 910 2483 940 2543; x_wconf 91' lang='lat' dir='ltr'><strong>id</strong></span> <span class='ocrx_word' id='word_1_158' title='bbox 951 2505 1012 2544; x_wconf 88' lang='lat' dir='ltr'><strong>esse</strong></span> <span class='ocrx_word' id='word_1_159' title='bbox 1018 2485 1131 2561; x_wconf 66' lang='lat' dir='ltr'><strong>januas</strong></span> <span class='ocrx_word' id='word_1_160' title='bbox 1143 2485 1249 2555; x_wconf 79' lang='lat' dir='ltr'><strong>variae,</strong></span> 
     </span>
     <span class='ocr_line' id='line_1_21' title="bbox 145 2579 1250 2661; baseline 0.004 -23"><span class='ocrx_word' id='word_1_161' title='bbox 145 2579 257 2658; x_wconf 90' lang='lat' dir='ltr'><strong>quibus</strong></span> <span class='ocrx_word' id='word_1_162' title='bbox 270 2584 374 2641; x_wconf 64' lang='lat' dir='ltr'><strong>veritos</strong></span> <span class='ocrx_word' id='word_1_163' title='bbox 387 2582 468 2642; x_wconf 77' lang='lat' dir='ltr'><strong>nobis</strong></span> <span class='ocrx_word' id='word_1_164' title='bbox 481 2583 619 2661; x_wconf 59' lang='lat' dir='ltr'><strong>tuimur:</strong></span> <span class='ocrx_word' id='word_1_165' title='bbox 640 2583 668 2642; x_wconf 79' lang='lat' dir='ltr'><strong>S.</strong></span> <span class='ocrx_word' id='word_1_166' title='bbox 684 2582 815 2642; x_wconf 86' lang='lat' dir='ltr'><strong>Thomas</strong></span> <span class='ocrx_word' id='word_1_167' title='bbox 829 2603 900 2642; x_wconf 89' lang='lat' dir='ltr'><strong>vero</strong></span> <span class='ocrx_word' id='word_1_168' title='bbox 914 2594 1054 2642; x_wconf 89' lang='lat' dir='ltr'><strong>autumat</strong></span> <span class='ocrx_word' id='word_1_169' title='bbox 1075 2582 1130 2642; x_wconf 90' lang='lat' dir='ltr'><strong>hoc</strong></span> <span class='ocrx_word' id='word_1_170' title='bbox 1145 2582 1250 2642; x_wconf 78' lang='lat' dir='ltr'><strong>lunda·</strong></span> 
     </span>
     <span class='ocr_line' id='line_1_22' title="bbox 147 2678 1249 2756; baseline 0.002 -21"><span class='ocrx_word' id='word_1_171' title='bbox 147 2687 280 2736; x_wconf 88' lang='lat' dir='ltr'><strong>mentum</strong></span> <span class='ocrx_word' id='word_1_172' title='bbox 303 2680 336 2736; x_wconf 84' lang='lat' dir='ltr'><strong>in</strong></span> <span class='ocrx_word' id='word_1_173' title='bbox 359 2678 468 2738; x_wconf 69' lang='lat' dir='ltr'><strong>diuerso</strong></span> <span class='ocrx_word' id='word_1_174' title='bbox 493 2679 690 2738; x_wconf 66' lang='lat' dir='ltr'><strong>absmactu&#39;onm</strong></span> <span class='ocrx_word' id='word_1_175' title='bbox 711 2679 808 2756; x_wconf 75' lang='lat' dir='ltr'><strong>qradu</strong></span> <span class='ocrx_word' id='word_1_176' title='bbox 831 2679 933 2756; x_wconf 90' lang='lat' dir='ltr'><strong>reponi</strong></span> <span class='ocrx_word' id='word_1_177' title='bbox 954 2678 1070 2746; x_wconf 87' lang='lat' dir='ltr'><strong>debere,</strong></span> <span class='ocrx_word' id='word_1_178' title='bbox 1094 2679 1249 2756; x_wconf 84' lang='lat' dir='ltr'><strong>abeoquo</strong></span> 
     </span>
     <span class='ocr_line' id='line_1_23' title="bbox 145 2773 1248 2854; baseline 0.004 -22"><span class='ocrx_word' id='word_1_179' title='bbox 145 2773 336 2834; x_wconf 86' lang='lat' dir='ltr'><strong>scientiarum</strong></span> <span class='ocrx_word' id='word_1_180' title='bbox 358 2776 533 2836; x_wconf 88' lang='lat' dir='ltr'><strong>divisionem</strong></span> <span class='ocrx_word' id='word_1_181' title='bbox 558 2777 748 2854; x_wconf 81' lang='lat' dir='ltr'><strong>repetendam</strong></span> <span class='ocrx_word' id='word_1_182' title='bbox 770 2797 838 2836; x_wconf 84' lang='lat' dir='ltr'><strong>esse</strong></span> <span class='ocrx_word' id='word_1_183' title='bbox 882 2775 972 2835; x_wconf 87' lang='lat' dir='ltr'><strong>Hanc</strong></span> <span class='ocrx_word' id='word_1_184' title='bbox 996 2778 1172 2835; x_wconf 88' lang='lat' dir='ltr'><strong>sententiam</strong></span> <span class='ocrx_word' id='word_1_185' title='bbox 1196 2797 1248 2836; x_wconf 83' lang='lat' dir='ltr'><strong>nos</strong></span> 
     </span>
     <span class='ocr_line' id='line_1_24' title="bbox 148 2871 1249 2950; baseline 0.004 -22"><span class='ocrx_word' id='word_1_186' title='bbox 148 2883 275 2941; x_wconf 90' lang='lat' dir='ltr'><strong>tuemur,</strong></span> <span class='ocrx_word' id='word_1_187' title='bbox 289 2871 329 2930; x_wconf 88' lang='lat' dir='ltr'><strong>ad</strong></span> <span class='ocrx_word' id='word_1_188' title='bbox 351 2891 476 2950; x_wconf 85' lang='lat' dir='ltr'><strong>eamque</strong></span> <span class='ocrx_word' id='word_1_189' title='bbox 493 2885 606 2933; x_wconf 76' lang='lat' dir='ltr'><strong>oeteras</strong></span> <span class='ocrx_word' id='word_1_190' title='bbox 626 2893 729 2933; x_wconf 86' lang='lat' dir='ltr'><strong>omnes</strong></span> <span class='ocrx_word' id='word_1_191' title='bbox 749 2873 918 2942; x_wconf 82' lang='lat' dir='ltr'><strong>sententias,</strong></span> <span class='ocrx_word' id='word_1_192' title='bbox 939 2872 1101 2931; x_wconf 87' lang='lat' dir='ltr'><strong>dummodo</strong></span> <span class='ocrx_word' id='word_1_193' title='bbox 1125 2883 1249 2932; x_wconf 83' lang='lat' dir='ltr'><strong>naturae</strong></span> 
     </span>
     <span class='ocr_line' id='line_1_25' title="bbox 147 2967 1037 3048; baseline 0.002 -22"><span class='ocrx_word' id='word_1_194' title='bbox 147 2987 184 3026; x_wconf 83' lang='lat' dir='ltr'><strong>ac</strong></span> <span class='ocrx_word' id='word_1_195' title='bbox 199 2967 308 3027; x_wconf 88' lang='lat' dir='ltr'><strong>rationi</strong></span> <span class='ocrx_word' id='word_1_196' title='bbox 323 2981 536 3029; x_wconf 84' lang='lat' dir='ltr'><strong>consentaneae</strong></span> <span class='ocrx_word' id='word_1_197' title='bbox 549 2971 618 3041; x_wconf 90' lang='lat' dir='ltr'><strong>sint,</strong></span> <span class='ocrx_word' id='word_1_198' title='bbox 634 2970 766 3030; x_wconf 84' lang='lat' dir='ltr'><strong>revocari</strong></span> <span class='ocrx_word' id='word_1_199' title='bbox 781 2989 864 3048; x_wconf 89' lang='lat' dir='ltr'><strong>posse</strong></span> <span class='ocrx_word' id='word_1_200' title='bbox 878 2989 1037 3028; x_wconf 89' lang='lat' dir='ltr'><strong>censemus.</strong></span> 
     </span>
    </p>

    <p class='ocr_par' dir='ltr' id='par_1_7' title="bbox 308 3063 1180 3143">
     <span class='ocr_line' id='line_1_26' title="bbox 308 3063 1180 3143; baseline -0.001 -19"><span class='ocrx_word' id='word_1_201' title='bbox 308 3063 369 3124; x_wconf 90' lang='lat' dir='ltr'><strong>Pro</strong></span> <span class='ocrx_word' id='word_1_202' title='bbox 382 3064 535 3124; x_wconf 88' lang='lat' dir='ltr'><strong>doctrinae</strong></span> <span class='ocrx_word' id='word_1_203' title='bbox 549 3065 578 3125; x_wconf 62' lang='lat' dir='ltr'><strong>Su</strong></span> <span class='ocrx_word' id='word_1_204' title='bbox 593 3065 727 3125; x_wconf 81' lang='lat' dir='ltr'><strong>Thomae</strong></span> <span class='ocrx_word' id='word_1_205' title='bbox 741 3064 949 3143; x_wconf 85' lang='lat' dir='ltr'><strong>intelligentia,</strong></span> <span class='ocrx_word' id='word_1_206' title='bbox 963 3065 1023 3124; x_wconf 92' lang='lat' dir='ltr'><strong>duo</strong></span> <span class='ocrx_word' id='word_1_207' title='bbox 1037 3085 1180 3143; x_wconf 87' lang='lat' dir='ltr'><strong>suppono.</strong></span> 
     </span>
    </p>

    <p class='ocr_par' dir='ltr' id='par_1_8' title="bbox 143 3161 1248 4211">
     <span class='ocr_line' id='line_1_27' title="bbox 187 3161 1248 3240; baseline 0.002 -20"><span class='ocrx_word' id='word_1_208' title='bbox 187 3162 253 3221; x_wconf 77' lang='lat'>342.</span> <span class='ocrx_word' id='word_1_209' title='bbox 297 3161 605 3224; x_wconf 84' lang='lat' dir='ltr'><strong>Primo-Generalis</strong></span> <span class='ocrx_word' id='word_1_210' title='bbox 624 3163 732 3224; x_wconf 88' lang='lat' dir='ltr'><strong>divisio</strong></span> <span class='ocrx_word' id='word_1_211' title='bbox 753 3174 876 3224; x_wconf 90' lang='lat' dir='ltr'><strong>actuum</strong></span> <span class='ocrx_word' id='word_1_212' title='bbox 890 3163 1016 3240; x_wconf 86' lang='lat' dir='ltr'><strong>alicujus</strong></span> <span class='ocrx_word' id='word_1_213' title='bbox 1039 3164 1186 3240; x_wconf 84' lang='lat' dir='ltr'><strong>potentiae</strong></span> <span class='ocrx_word' id='word_1_214' title='bbox 1200 3164 1248 3222; x_wconf 85' lang='lat' dir='ltr'><strong>de</strong></span> 
     </span>
     <span class='ocr_line' id='line_1_28' title="bbox 147 3258 1248 3339; baseline 0.004 -23"><span class='ocrx_word' id='word_1_215' title='bbox 147 3259 226 3317; x_wconf 90' lang='lat' dir='ltr'><strong>sumi</strong></span> <span class='ocrx_word' id='word_1_216' title='bbox 240 3258 329 3319; x_wconf 90' lang='lat' dir='ltr'><strong>debet</strong></span> <span class='ocrx_word' id='word_1_217' title='bbox 342 3279 376 3318; x_wconf 76' lang='lat' dir='ltr'><strong>ea</strong></span> <span class='ocrx_word' id='word_1_218' title='bbox 390 3259 556 3337; x_wconf 59' lang='lat' dir='ltr'><strong>disfermttio</strong></span> <span class='ocrx_word' id='word_1_219' title='bbox 578 3262 750 3320; x_wconf 73' lang='lat' dir='ltr'><strong>elicrocteria</strong></span> <span class='ocrx_word' id='word_1_220' title='bbox 764 3261 853 3332; x_wconf 83' lang='lat' dir='ltr'><strong>illius,</strong></span> <span class='ocrx_word' id='word_1_221' title='bbox 869 3281 927 3339; x_wconf 91' lang='lat' dir='ltr'><strong>quo</strong></span> <span class='ocrx_word' id='word_1_222' title='bbox 949 3260 1097 3339; x_wconf 83' lang='lat' dir='ltr'><strong>objectum</strong></span> <span class='ocrx_word' id='word_1_223' title='bbox 1121 3261 1248 3321; x_wconf 88' lang='lat' dir='ltr'><strong>efficitur</strong></span> 
     </span>
     <span class='ocr_line' id='line_1_29' title="bbox 143 3353 1244 3436; baseline 0.005 -24"><span class='ocrx_word' id='word_1_224' title='bbox 143 3353 296 3426; x_wconf 88' lang='lat' dir='ltr'><strong>idoneum,</strong></span> <span class='ocrx_word' id='word_1_225' title='bbox 313 3367 345 3414; x_wconf 93' lang='lat' dir='ltr'><strong>ut</strong></span> <span class='ocrx_word' id='word_1_226' title='bbox 360 3377 458 3434; x_wconf 81' lang='lat' dir='ltr'><strong>perse</strong></span> <span class='ocrx_word' id='word_1_227' title='bbox 471 3357 511 3416; x_wconf 88' lang='lat' dir='ltr'><strong>ab</strong></span> <span class='ocrx_word' id='word_1_228' title='bbox 533 3357 586 3417; x_wconf 87' lang='lat' dir='ltr'><strong>illa</strong></span> <span class='ocrx_word' id='word_1_229' title='bbox 607 3359 740 3436; x_wconf 87' lang='lat' dir='ltr'><strong>potentia</strong></span> <span class='ocrx_word' id='word_1_230' title='bbox 761 3358 936 3434; x_wconf 82' lang='lat' dir='ltr'><strong>attingatur.</strong></span> <span class='ocrx_word' id='word_1_231' title='bbox 979 3355 1125 3417; x_wconf 81' lang='lat' dir='ltr'><strong>damvero</strong></span> <span class='ocrx_word' id='word_1_232' title='bbox 1148 3357 1244 3435; x_wconf 79' lang='lat' dir='ltr'><strong>hujus</strong></span> 
     </span>
     <span class='ocr_line' id='line_1_30' title="bbox 149 3452 1243 3532; baseline 0.002 -22"><span class='ocrx_word' id='word_1_233' title='bbox 149 3452 229 3511; x_wconf 90' lang='lat' dir='ltr'><strong>modi</strong></span> <span class='ocrx_word' id='word_1_234' title='bbox 243 3452 399 3512; x_wconf 81' lang='lat' dir='ltr'><strong>character</strong></span> <span class='ocrx_word' id='word_1_235' title='bbox 411 3467 455 3513; x_wconf 88' lang='lat' dir='ltr'><strong>est</strong></span> <span class='ocrx_word' id='word_1_236' title='bbox 478 3453 628 3514; x_wconf 61' lang='lat' dir='ltr'><strong>metudio</strong></span> <span class='ocrx_word' id='word_1_237' title='bbox 645 3455 808 3532; x_wconf 62' lang='lat' dir='ltr'><strong>praececinit</strong></span> <span class='ocrx_word' id='word_1_238' title='bbox 832 3454 998 3514; x_wconf 87' lang='lat' dir='ltr'><strong>intellectus</strong></span> <span class='ocrx_word' id='word_1_239' title='bbox 1014 3464 1057 3517; x_wconf 84' lang='lat' dir='ltr'><strong>tn.</strong></span> <span class='ocrx_word' id='word_1_240' title='bbox 1076 3455 1155 3514; x_wconf 72' lang='lat' dir='ltr'><strong>lav:</strong></span> <span class='ocrx_word' id='word_1_241' title='bbox 1179 3463 1243 3512; x_wconf 81' lang='lat' dir='ltr'><strong>tunt</strong></span> 
     </span>
     <span class='ocr_line' id='line_1_31' title="bbox 149 3548 1247 3630; baseline 0 -22"><span class='ocrx_word' id='word_1_242' title='bbox 149 3549 220 3626; x_wconf 90' lang='lat' dir='ltr'><strong>quia</strong></span> <span class='ocrx_word' id='word_1_243' title='bbox 234 3548 393 3629; x_wconf 88' lang='lat' dir='ltr'><strong>objectum,</strong></span> <span class='ocrx_word' id='word_1_244' title='bbox 404 3552 597 3630; x_wconf 83' lang='lat' dir='ltr'><strong>quoadusque</strong></span> <span class='ocrx_word' id='word_1_245' title='bbox 611 3571 670 3612; x_wconf 89' lang='lat' dir='ltr'><strong>non</strong></span> <span class='ocrx_word' id='word_1_246' title='bbox 685 3551 863 3612; x_wconf 85' lang='lat' dir='ltr'><strong>abstahatur</strong></span> <span class='ocrx_word' id='word_1_247' title='bbox 876 3572 895 3611; x_wconf 87' lang='lat' dir='ltr'><strong>a</strong></span> <span class='ocrx_word' id='word_1_248' title='bbox 905 3550 1126 3611; x_wconf 90' lang='lat' dir='ltr'><strong>conditionibus</strong></span> <span class='ocrx_word' id='word_1_249' title='bbox 1140 3551 1247 3610; x_wconf 91' lang='lat' dir='ltr'><strong>indivi-</strong></span> 
     </span>
     <span class='ocr_line' id='line_1_32' title="bbox 146 3646 1247 3726; baseline 0 -20"><span class='ocrx_word' id='word_1_250' title='bbox 146 3646 319 3718; x_wconf 87' lang='lat' dir='ltr'><strong>duantibus,</strong></span> <span class='ocrx_word' id='word_1_251' title='bbox 334 3646 482 3726; x_wconf 90' lang='lat' dir='ltr'><strong>objectum</strong></span> <span class='ocrx_word' id='word_1_252' title='bbox 497 3659 541 3708; x_wconf 90' lang='lat' dir='ltr'><strong>est</strong></span> <span class='ocrx_word' id='word_1_253' title='bbox 554 3667 710 3718; x_wconf 66' lang='lat' dir='ltr'><strong>sensuum</strong></span> <span class='ocrx_word' id='word_1_254' title='bbox 726 3659 757 3708; x_wconf 85' lang='lat' dir='ltr'><strong>at</strong></span> <span class='ocrx_word' id='word_1_255' title='bbox 772 3669 830 3708; x_wconf 89' lang='lat' dir='ltr'><strong>non</strong></span> <span class='ocrx_word' id='word_1_256' title='bbox 846 3647 945 3708; x_wconf 91' lang='lat' dir='ltr'><strong>adhuc</strong></span> <span class='ocrx_word' id='word_1_257' title='bbox 959 3657 1003 3707; x_wconf 90' lang='lat' dir='ltr'><strong>est</strong></span> <span class='ocrx_word' id='word_1_258' title='bbox 1017 3649 1166 3718; x_wconf 90' lang='lat' dir='ltr'><strong>idoneum,</strong></span> <span class='ocrx_word' id='word_1_259' title='bbox 1181 3656 1214 3707; x_wconf 91' lang='lat' dir='ltr'><strong>ut</strong></span> <span class='ocrx_word' id='word_1_260' title='bbox 1228 3667 1247 3706; x_wconf 87' lang='lat' dir='ltr'><strong>a</strong></span> 
     </span>
     <span class='ocr_line' id='line_1_33' title="bbox 149 3743 1246 3823; baseline -0.002 -20"><span class='ocrx_word' id='word_1_261' title='bbox 149 3745 281 3821; x_wconf 88' lang='lat' dir='ltr'><strong>potentia</strong></span> <span class='ocrx_word' id='word_1_262' title='bbox 296 3743 479 3804; x_wconf 83' lang='lat' dir='ltr'><strong>intellectiva</strong></span> <span class='ocrx_word' id='word_1_263' title='bbox 489 3745 791 3823; x_wconf 70' lang='lat' dir='ltr'><strong>(quaeimmatericlis</strong></span> <span class='ocrx_word' id='word_1_264' title='bbox 800 3755 843 3804; x_wconf 88' lang='lat' dir='ltr'><strong>est</strong></span> <span class='ocrx_word' id='word_1_265' title='bbox 858 3755 947 3822; x_wconf 85' lang='lat' dir='ltr'><strong>atque</strong></span> <span class='ocrx_word' id='word_1_266' title='bbox 962 3745 1028 3804; x_wconf 90' lang='lat' dir='ltr'><strong>ideo</strong></span> <span class='ocrx_word' id='word_1_267' title='bbox 1039 3743 1176 3822; x_wconf 78' lang='lat' dir='ltr'><strong>objectam</strong></span> <span class='ocrx_word' id='word_1_268' title='bbox 1190 3743 1246 3802; x_wconf 74' lang='lat' dir='ltr'><strong>cibi</strong></span> 
     </span>
     <span class='ocr_line' id='line_1_34' title="bbox 146 3841 1245 3919; baseline 0 -19"><span class='ocrx_word' id='word_1_269' title='bbox 146 3842 397 3916; x_wconf 74' lang='lat' dir='ltr'><strong>proportionatam</strong></span> <span class='ocrx_word' id='word_1_270' title='bbox 412 3841 550 3918; x_wconf 77' lang='lat' dir='ltr'><strong>requirit&gt;</strong></span> <span class='ocrx_word' id='word_1_271' title='bbox 565 3841 734 3919; x_wconf 85' lang='lat' dir='ltr'><strong>attingatur</strong></span> <span class='ocrx_word' id='word_1_272' title='bbox 742 3861 799 3918; x_wconf 81' lang='lat' dir='ltr'><strong>per</strong></span> <span class='ocrx_word' id='word_1_273' title='bbox 811 3863 840 3900; x_wconf 82' lang='lat' dir='ltr'><strong>se</strong></span> <span class='ocrx_word' id='word_1_274' title='bbox 851 3864 861 3900; x_wconf 91' lang='lat'><strong>.·</strong></span> <span class='ocrx_word' id='word_1_275' title='bbox 882 3851 946 3901; x_wconf 86' lang='lat' dir='ltr'><strong>tarn</strong></span> <span class='ocrx_word' id='word_1_276' title='bbox 962 3841 1033 3918; x_wconf 84' lang='lat' dir='ltr'><strong>quia</strong></span> <span class='ocrx_word' id='word_1_277' title='bbox 1048 3861 1101 3919; x_wconf 87' lang='lat' dir='ltr'><strong>per</strong></span> <span class='ocrx_word' id='word_1_278' title='bbox 1115 3841 1245 3900; x_wconf 81' lang='lat' dir='ltr'><strong>abstrac-</strong></span> 
     </span>
     <span class='ocr_line' id='line_1_35' title="bbox 148 3935 1244 4016; baseline 0.003 -23"><span class='ocrx_word' id='word_1_279' title='bbox 148 3935 258 3995; x_wconf 87' lang='lat' dir='ltr'><strong>tionem</strong></span> <span class='ocrx_word' id='word_1_280' title='bbox 274 3937 422 4015; x_wconf 89' lang='lat' dir='ltr'><strong>objectum</strong></span> <span class='ocrx_word' id='word_1_281' title='bbox 437 3938 540 3998; x_wconf 84' lang='lat' dir='ltr'><strong>evadit</strong></span> <span class='ocrx_word' id='word_1_282' title='bbox 553 3937 714 3998; x_wconf 74' lang='lat' dir='ltr'><strong>urriamaole</strong></span> <span class='ocrx_word' id='word_1_283' title='bbox 727 3948 757 3997; x_wconf 90' lang='lat' dir='ltr'><strong>et</strong></span> <span class='ocrx_word' id='word_1_284' title='bbox 771 3949 982 4016; x_wconf 87' lang='lat' dir='ltr'><strong>consequenter</strong></span> <span class='ocrx_word' id='word_1_285' title='bbox 992 3938 1088 3997; x_wconf 65' lang='lat' dir='ltr'><strong>ecibde</strong></span> <span class='ocrx_word' id='word_1_286' title='bbox 1101 3939 1146 4014; x_wconf 85' lang='lat' dir='ltr'><strong>(n.</strong></span> <span class='ocrx_word' id='word_1_287' title='bbox 1162 3937 1244 4012; x_wconf 87' lang='grc'>339.)</span> 
     </span>
     <span class='ocr_line' id='line_1_36' title="bbox 146 4032 1246 4114; baseline 0.001 -21"><span class='ocrx_word' id='word_1_288' title='bbox 146 4032 230 4111; x_wconf 82' lang='lat' dir='ltr'><strong>Ergo</strong></span> <span class='ocrx_word' id='word_1_289' title='bbox 243 4034 390 4112; x_wconf 85' lang='lat' dir='ltr'><strong>generalis</strong></span> <span class='ocrx_word' id='word_1_290' title='bbox 411 4036 518 4096; x_wconf 84' lang='lat' dir='ltr'><strong>divisio</strong></span> <span class='ocrx_word' id='word_1_291' title='bbox 542 4036 743 4106; x_wconf 81' lang='lat' dir='ltr'><strong>scientiarum,</strong></span> <span class='ocrx_word' id='word_1_292' title='bbox 758 4047 847 4114; x_wconf 85' lang='lat' dir='ltr'><strong>prout</strong></span> <span class='ocrx_word' id='word_1_293' title='bbox 868 4035 924 4096; x_wconf 77' lang='lat' dir='ltr'><strong>rub</strong></span> <span class='ocrx_word' id='word_1_294' title='bbox 937 4057 968 4095; x_wconf 90' lang='lat' dir='ltr'><strong>se</strong></span> <span class='ocrx_word' id='word_1_295' title='bbox 990 4035 1246 4114; x_wconf 88' lang='lat' dir='ltr'><strong>comprehendunt</strong></span> 
     </span>
     <span class='ocr_line' id='line_1_37' title="bbox 144 4129 1244 4211; baseline 0.002 -23"><span class='ocrx_word' id='word_1_296' title='bbox 144 4129 294 4190; x_wconf 80' lang='lat' dir='ltr'><strong>illationes</strong></span> <span class='ocrx_word' id='word_1_297' title='bbox 307 4145 338 4190; x_wconf 90' lang='lat' dir='ltr'><strong>et</strong></span> <span class='ocrx_word' id='word_1_298' title='bbox 351 4131 538 4211; x_wconf 87' lang='lat' dir='ltr'><strong>principia,a</strong></span> <span class='ocrx_word' id='word_1_299' title='bbox 552 4133 661 4211; x_wconf 88' lang='lat' dir='ltr'><strong>quibus</strong></span> <span class='ocrx_word' id='word_1_300' title='bbox 675 4132 859 4204; x_wconf 78' lang='lat' dir='ltr'><strong>derivmatur,</strong></span> <span class='ocrx_word' id='word_1_301' title='bbox 871 4155 889 4191; x_wconf 91' lang='lat' dir='ltr'><strong>a</strong></span> <span class='ocrx_word' id='word_1_302' title='bbox 904 4133 1021 4193; x_wconf 79' lang='lat' dir='ltr'><strong>diverso</strong></span> <span class='ocrx_word' id='word_1_303' title='bbox 1035 4132 1244 4192; x_wconf 74' lang='lat' dir='ltr'><strong>abstractionis</strong></span> 
     </span>
    </p>
   </div>
   <div class='ocr_carea' id='block_1_6' title="bbox 142 4226 1245 4405">
    <p class='ocr_par' dir='ltr' id='par_1_9' title="bbox 142 4226 1245 4405">
     <span class='ocr_line' id='line_1_38' title="bbox 142 4226 563 4303; baseline 0.012 -18"><span class='ocrx_word' id='word_1_304' title='bbox 142 4226 240 4303; x_wconf 79' lang='lat' dir='ltr'><strong>gradu</strong></span> <span class='ocrx_word' id='word_1_305' title='bbox 256 4227 312 4287; x_wconf 90' lang='lat' dir='ltr'><strong>erit</strong></span> <span class='ocrx_word' id='word_1_306' title='bbox 333 4229 563 4290; x_wconf 87' lang='lat' dir='ltr'><strong>desumenda.-</strong></span> 
     </span>
     <span class='ocr_line' id='line_1_39' title="bbox 186 4324 1245 4405; baseline 0.002 -21"><span class='ocrx_word' id='word_1_307' title='bbox 186 4324 253 4386; x_wconf 77' lang='lat'><strong>343.</strong></span> <span class='ocrx_word' id='word_1_308' title='bbox 295 4325 481 4386; x_wconf 83' lang='lat' dir='ltr'><strong>Secundo-</strong></span> <span class='ocrx_word' id='word_1_309' title='bbox 488 4327 666 4405; x_wconf 74' lang='lat' dir='ltr'><strong>Qaa&#39;atupler</strong></span> <span class='ocrx_word' id='word_1_310' title='bbox 679 4339 723 4388; x_wconf 88' lang='lat' dir='ltr'><strong>est</strong></span> <span class='ocrx_word' id='word_1_311' title='bbox 736 4327 935 4388; x_wconf 70' lang='lat' dir='ltr'><strong>obdroctimas</strong></span> <span class='ocrx_word' id='word_1_312' title='bbox 954 4327 1083 4405; x_wconf 69' lang='lat' dir='ltr'><strong>crudas,</strong></span> <span class='ocrx_word' id='word_1_313' title='bbox 1104 4337 1133 4386; x_wconf 90' lang='lat' dir='ltr'><strong>ct</strong></span> <span class='ocrx_word' id='word_1_314' title='bbox 1147 4347 1245 4386; x_wconf 73' lang='lat' dir='ltr'><strong>‹muse-</strong></span> 
     </span>
    </p>
   </div>
   <div class='ocr_carea' id='block_1_7' title="bbox 144 4423 1069 4504">
    <p class='ocr_par' dir='ltr' id='par_1_10' title="bbox 144 4423 1069 4504">
     <span class='ocr_line' id='line_1_40' title="bbox 144 4423 1069 4504; baseline 0.003 -24"><span class='ocrx_word' id='word_1_315' title='bbox 144 4431 272 4500; x_wconf 88' lang='lat' dir='ltr'><strong>quenter</strong></span> <span class='ocrx_word' id='word_1_316' title='bbox 285 4424 411 4502; x_wconf 68' lang='lat' dir='ltr'><strong>quinutu</strong></span> <span class='ocrx_word' id='word_1_317' title='bbox 425 4433 494 4482; x_wconf 89' lang='lat' dir='ltr'><strong>sunt</strong></span> <span class='ocrx_word' id='word_1_318' title='bbox 508 4423 651 4482; x_wconf 69' lang='lat' dir='ltr'><strong>additium</strong></span> <span class='ocrx_word' id='word_1_319' title='bbox 661 4425 930 4504; x_wconf 62' lang='lat' dir='ltr'><strong>principiorum</strong></span> <span class='ocrx_word' id='word_1_320' title='bbox 944 4423 1069 4484; x_wconf 78' lang='lat' dir='ltr'><strong>ordines</strong></span> 
     </span>
    </p>
   </div>
   <div class='ocr_carea' id='block_1_8' title="bbox 0 0 1574 4956">
    <p class='ocr_par' dir='ltr' id='par_1_11' title="bbox 0 0 1574 4956">
     <span class='ocr_line' id='line_1_41' title="bbox 0 0 1574 4956; baseline 0 1"><span class='ocrx_word' id='word_1_321' title='bbox 0 0 1574 4956; x_wconf 95' lang='lat' dir='ltr'><strong> </strong></span> 
     </span>
    </p>
   </div>
  </div>
 </body>
</html>
