3172 4950
169 779 229 822 nec
248 759 351 841 juvat,
367 760 478 822 animo
495 766 659 842 reputans
676 777 780 840 quum
804 758 837 819 in
861 755 961 834 libris,
978 776 1062 838 quos
1078 755 1141 819 hac
1166 775 1266 839 super
1350 749 1354 758 '

162 918 199 960 re
211 885 410 960 Aristoteles
426 895 564 977 ejusque
582 895 870 960 Commentatores
893 914 931 957 ac
949 893 990 957 D.
1007 892 1154 956 Thomas
1169 913 1262 976 prae·

167 1035 263 1117 cipue
278 1043 346 1096 tam
371 1035 469 1096 docte
485 1053 524 1096 ac
540 1033 674 1115 egregie
695 1039 881 1107 exararunt,
892 1029 1034 1112 plurima
1053 1029 1261 1104 invenissem,

166 1192 319 1254 quaeque
346 1171 471 1255 optima
497 1179 530 1234 et
560 1171 602 1233 ad
629 1168 790 1250 juvenum
821 1178 948 1232 mentes
979 1168 1085 1232 solida
1115 1167 1265 1231 doctrina

167 1311 363 1376 imbuendas
380 1319 480 1393 atque
497 1308 720 1372 informandas
744 1307 892 1391 apprime
916 1286 1100 1369 necessaria
1114 1314 1148 1368 et
1171 1303 1263 1367 utilia

165 1448 365 1524 viderentur,
381 1467 500 1531 operae
523 1447 664 1529 pretium
681 1445 761 1507 duxi
786 1443 855 1508 lore
872 1455 907 1507 ut
929 1464 1015 1525 quae
1038 1445 1126 1526 apud
1148 1443 1266 1527 proba-

167 1589 314 1651 tissimos
339 1585 441 1649 hosce
467 1593 619 1649 auctores
644 1583 707 1646 hac
733 1582 807 1646 illac
823 1603 935 1668 sparsa
961 1583 1215 1667 reperiebantur,
1231 1582 1264 1645 in

165 1748 267 1791 unum
283 1727 384 1791 veluti
397 1747 527 1810 corpuS,
540 1725 664 1809 majore
677 1746 744 1808 quo
757 1735 907 1808 poteram
919 1724 1049 1787 delectu
1062 1722 1263 1806 colligerem,

164 1867 203 1928 iis
219 1865 365 1946 adjectis
381 1885 466 1947 quae
482 1873 632 1946 tempora
649 1863 719 1946 ipsa
736 1872 769 1927 et
785 1881 871 1925 nova
887 1861 1028 1924 docendi
1052 1881 1091 1923 ac
1115 1860 1263 1923 discendi

166 2003 250 2064 ratio
265 2000 445 2085 postulant,
461 2021 566 2083 eaque
583 2003 694 2064 omnia
710 2010 801 2064 certo
820 2001 934 2063 ordine
950 2000 1174 2084 disponerem,
1189 1999 1266 2062 faci-

166 2131 256 2220 lique
280 2139 370 2200 etad
388 2137 612 2220 incipientium
629 2147 762 2222 captum
779 2137 998 2202 accomodata
1013 2136 1172 2200 methodo
1187 2157 1263 2220 pro-

166 2293 335 2356 ponerem.
378 2273 555 2356 Quocirca,
572 2283 699 2337 mutato
721 2274 861 2338 consilio
884 2273 1103 2357 aliorumque,
1119 2294 1261 2356 quorum

162 2412 341 2476 auctoritas
364 2413 453 2496 apud
477 2433 530 2476 me
552 2413 685 2496 plurimi
712 2424 772 2490 est,
800 2412 959 2496 suffragio
988 2412 1146 2496 expetito,
1171 2413 1203 2474 in
1231 2411 1264 2474 id

164 2556 260 2618 unice
273 2555 419 2617 animum
431 2554 566 2630 intendi,
576 2562 613 2616 ut
625 2553 801 2634 integrum,
811 2562 845 2616 et
858 2551 970 2634 quoad
982 2550 1052 2632 ejus
1063 2548 1131 2613 fieri
1141 2557 1264 2632 posset,

162 2689 365 2772 completum
391 2689 537 2771 Logicae
555 2686 725 2750 universae
750 2706 885 2749 cursum
902 2705 1071 2749 exararem
1089 2687 1264 2768 consigna·
1304 2739 1308 2750 .

170 2846 308 2909 remque
323 2825 444 2909 praelo.
492 2825 664 2909 Inceptum
682 2847 765 2909 opus
782 2826 858 2889 anni
876 2825 975 2907 hujus
993 2827 1096 2904 initio,
1112 2825 1264 2890 adfinem

166 2981 272 3043 usque
287 2981 346 3044 per
360 2961 487 3044 aliquot
503 2963 709 3027 continentes
723 2983 853 3026 menses
870 2973 902 3026 et
918 2973 1079 3046 quantum
1092 2965 1265 3030 scholasti-

160 3117 229 3174 cae,
247 3097 367 3179 quibus
381 3097 569 3174 distinebar,
582 3069 816 3180 occupationes
829 3065 1059 3181 permiserunt,
1071 3098 1146 3162 Deo
1159 3097 1199 3163 0.
1217 3099 1263 3162 M.

163 3236 339 3317 adjuvante
362 3247 395 3300 et
417 3238 502 3300 vires
525 3238 677 3318 addente,
700 3238 851 3322 perduxi.
901 3239 1064 3322 Longius,
1080 3260 1181 3322 quam
1204 3261 1264 3324 par

161 3384 259 3451 esset,
285 3375 423 3438 sortasse
447 3342 647 3458 quibusdam
669 3376 844 3454 videbitur,
867 3387 901 3440 at
925 3387 1013 3441 certe
1037 3354 1106 3442 non
1129 3377 1191 3456 his,
1207 3381 1263 3462 qui

167 3531 251 3594 opus
267 3530 334 3574 non
351 3521 418 3575 tam
435 3511 507 3574 libri
524 3512 621 3589 mole,
638 3533 739 3594 quam
764 3533 872 3577 rerum
897 3516 1144 3579 tractandarum
1168 3517 1264 3600 copia

155 3657 194 3710 et
217 3649 444 3732 magnitudine
468 3627 688 3714 dimetiantur.
736 3649 865 3714 Harum
898 3673 977 3716 vero
1011 3655 1146 3736 quinam
1171 3657 1264 3736 ordo,

162 3809 324 3872 quaenam
341 3790 384 3853 sit
400 3788 583 3873 dispositi0,
596 3809 760 3872 quaenam
772 3791 842 3852 sive
855 3791 1034 3854 necessitas
1048 3792 1117 3855 sive
1130 3791 1264 3870 utilitas,

164 3929 280 4006 Index,
303 3949 404 4011 quem
427 3930 469 3991 ad
492 3927 616 3991 calcem
640 3929 829 4010 appositum
853 3927 962 4010 quivis
988 3927 1146 4006 inveniet,
1170 3927 1264 3991 facile

168 4063 328 4129 edocebit.

207 4203 283 4268 Hoc
300 4224 402 4268 unum
419 4214 546 4269 tantum
558 4218 717 4289 superest,
729 4216 765 4271 ut
774 4208 816 4270 ad
827 4227 898 4284 vos,
912 4205 1044 4271 Fratres
1059 4206 1263 4286 Charissimi,

163 4343 360 4424 inquorum
383 4344 524 4426 gratiam
549 4343 615 4408 hoc
640 4364 761 4407 munus
787 4345 927 4427 suscepi,
944 4363 1131 4408 sermonem
1150 4366 1262 4409 meum
