3172 4950
483 1225 703 1291 OPERIS
751 1223 960 1290 RATIO.

219 1777 334 1860 Quum
362 1775 442 1839 mihi
469 1776 532 1840 sub
559 1775 657 1857 hujus
684 1778 761 1839 anni
790 1777 918 1839 initium
947 1775 1184 1840 demandatum
1208 1773 1270 1839 suit

172 1937 304 1995 munuS,
321 1925 358 1980 ut
379 1937 428 1994 ea,
445 1937 530 1999 quae
553 1917 586 1979 in
609 1916 820 1979 alumnorum
844 1933 1005 1992 meorum,
1026 1915 1082 1997 qui
1107 1915 1140 1976 in
1162 1914 1270 1996 primo

168 2054 400 2139 philosophiae
414 2054 523 2118 stadio
539 2063 720 2130 versantur,
736 2053 999 2118 emolumentum
1018 2073 1152 2117 cessura
1173 2062 1269 2136 puta-

173 2212 252 2270 rem,
268 2213 421 2274 quaeque
443 2190 485 2255 ab
507 2191 708 2270 auctoribus,
724 2212 810 2274 quos
832 2213 911 2275 prae
932 2191 1084 2255 manibus
1100 2191 1270 2268 haberent,

169 2333 320 2414 conquiri
346 2330 435 2394 haud
460 2329 555 2394 facile
578 2339 725 2413 possent,
748 2329 837 2412 typis
862 2329 1104 2412 consignarem,
1127 2327 1162 2390 id
1187 2323 1267 2390 mihi

168 2467 298 2532 consilii
314 2466 481 2548 objectum
496 2477 556 2545 est,
573 2477 609 2532 ut
627 2467 772 2550 Logicae
789 2465 1021 2542 institutiones,
1034 2465 1268 2547 quaexrv'mrir

167 2604 312 2687 primum
337 2605 427 2687 exigi
454 2603 572 2681 solent,
596 2604 739 2686 primum
765 2603 863 2665 etiam
890 2604 934 2665 ita
961 2611 1205 2684 pertractarem,
1231 2610 1267 2665 ut

167 2761 252 2823 quae
275 2743 406 2824 potiora
420 2741 610 2804 viderentur
633 2740 833 2824 compendio
858 2740 1020 2804 traderem
1047 2761 1198 2819 excussa,
1215 2761 1268 2804 ea-

165 2879 312 2942 demmet
338 2878 442 2941 fusius
469 2879 544 2941 viva
569 2899 651 2941 voce
679 2879 912 2960 explicaturus.
957 2877 1006 2940 At
1038 2879 1097 2940 vix
1130 2897 1264 2942 manum

166 3017 257 3100 operi
283 3017 426 3096 admovi,
451 3017 531 3080 satis
553 3017 708 3100 perspexi
733 3016 825 3099 quod
847 3015 974 3078 dudum
996 3016 1142 3098 plurium
1158 3037 1263 3082 anno·

171 3174 243 3216 rum
260 3155 452 3236 magisterio
464 3172 531 3216 non
543 3154 646 3216 semel
659 3153 751 3217 licuit
763 3151 935 3234 conjicere,
948 3152 1103 3216 nimirum
1119 3173 1163 3217 ex
1175 3155 1265 3218 brevi

168 3311 279 3354 rerum
294 3293 364 3355 sive
381 3293 413 3354 in
429 3312 465 3354 se
480 3292 550 3354 sive
565 3292 667 3356 relate
682 3292 725 3355 ad
740 3292 978 3376 discipulorum
995 3303 1129 3375 captum
1146 3291 1263 3356 diffici-

168 3429 250 3492 lium
280 3429 478 3512 compendio
507 3448 625 3512 parum
657 3429 824 3492 commodi
862 3428 1102 3512 discipulorum
1140 3438 1272 3493 mentes.

167 3579 380 3653 percepturas
396 3589 478 3646 esse,
495 3588 556 3630 nec
571 3587 625 3630 me
638 3567 854 3650 Superiorum
865 3567 1037 3646 voluntati,
1049 3578 1086 3631 ut
1099 3589 1158 3650 par
1169 3578 1266 3647 esset,

164 3725 292 3770 morem
317 3659 498 3789 gesturum.
546 3705 721 3769 Neminem
745 3707 834 3768 enim
858 3705 1037 3770 inficiatum
1062 3708 1099 3769 iri
1123 3708 1265 3772 arbitror

166 3843 378 3928 quaestiones
394 3843 516 3925 passim
533 3843 567 3904 in
592 3841 721 3926 Logica
736 3863 919 3920 occurrere,
936 3843 1065 3925 quaesi
1091 3853 1128 3906 ut
1150 3843 1264 3926 hujus-

166 3981 259 4046 modi
269 3981 519 4045 considerentur
530 3989 563 4043 et
576 3979 779 4063 Logicorum
792 3999 885 4043 more
895 3988 1144 4063 pertractentur,
1154 3980 1265 4046 faciles

167 4117 303 4201 quidem
319 4117 485 4201 putandae
501 4125 588 4194 sunt,
603 4125 739 4200 propter
761 4117 910 4180 intimam
926 4125 1047 4194 tamen,
1063 4137 1165 4198 quam
1188 4139 1265 4182 cum

169 4253 397 4318 subtilioribus
425 4253 676 4336 M'etaphysicae
699 4252 947 4335 quaestionibus
971 4251 1104 4330 habent,
1132 4251 1270 4318 affinita-
