3172 4950
306 379 325 434 2
805 387 925 466 Lepida.

305 598 339 636 eo
353 577 470 636 lircillns
485 599 519 638 ac
535 581 628 640 tutius
642 581 803 653 obtinetur,
817 602 876 661 quo
892 581 1020 661 penitior
1031 593 1060 642 et
1073 582 1187 660 plenior
1198 579 1305 641 notitia
1319 577 1411 639 lrabe-

308 689 356 733 tur
370 675 479 750 legum,
494 677 655 735 secundum
672 698 746 756 quas
761 689 844 738 actus
860 678 983 737 rationis
997 690 1067 738 sunt
1081 677 1246 738 exercendi.

347 771 372 830 2.
417 771 597 831 Declaratur
628 773 749 833 assertio
773 773 872 833 verbis
886 777 916 834 S.
931 773 1224 833 Thomas-“Ratio
1238 794 1296 834 non
1312 771 1409 832 solnm

307 867 434 948 dirigere
456 879 551 946 potest
572 869 745 929 inferiorum
769 870 898 948 partiunt
922 882 1017 943 actus,
1030 871 1080 930 sed
1096 871 1183 930 etiarn
1201 881 1285 930 actus
1305 869 1349 928 sui
1365 883 1408 927 est

307 966 460 1026 diret-tiva.
504 967 572 1026 lloc
584 968 663 1027 enirn
675 979 719 1028 cst
729 967 882 1046 proprium
896 967 1096 1027 intellectivae
1108 967 1209 1044 partis,
1222 977 1256 1026 ut
1270 965 1299 1024 in
1314 966 1410 1044 seipsa

307 1061 486 1122 reflectatur.
530 1063 611 1122 Nam
633 1064 802 1124 intellectus
824 1063 967 1142 intelligit
987 1065 1115 1142 seipsum
1130 1075 1160 1122 et
1180 1061 1318 1122 similiter
1333 1064 1410 1122 ratio

307 1157 344 1216 de
357 1179 410 1218 suo
425 1170 493 1219 actu
518 1160 688 1219 ratiocinari
711 1171 814 1239 potest.
855 1159 941 1220 Sicut
955 1159 1048 1239 igitur
1062 1179 1098 1218 ex
1116 1158 1171 1218 hoc
1187 1158 1265 1237 quod
1282 1159 1357 1218 ratio
1372 1159 1411 1217 dc

307 1267 375 1316 actu
393 1277 498 1316 manus
514 1257 718 1330 ratiocinatur,
733 1257 897 1318 adinventa
910 1266 954 1317 cst
969 1277 1016 1316 ars
1031 1257 1244 1328 aedificatoria,
1258 1255 1304 1316 vel
1320 1256 1412 1315 sabri-

309 1352 352 1422 lis,
369 1374 420 1432 per
441 1374 515 1430 quas
536 1355 625 1414 homo
646 1353 775 1414 faciliter
789 1365 819 1414 et
833 1355 969 1414 ordinate
990 1353 1160 1432 hujusmodi
1175 1364 1259 1412 actus
1273 1353 1411 1412 exercerc

307 1459 419 1526 potest;
441 1449 544 1512 eadem
560 1451 675 1512 ratione
684 1472 732 1511 ars
746 1450 893 1529 quaedam
909 1452 1073 1511 necessaria
1087 1463 1140 1522 est,
1151 1471 1228 1529 quae
1241 1451 1279 1510 sit
1293 1451 1411 1510 directi-

308 1569 346 1607 va
361 1548 453 1626 ipsius
474 1559 559 1608 actus
575 1549 717 1620 rationis;
740 1569 793 1628 per
813 1570 904 1628 qoam
919 1549 1032 1610 scilicet
1051 1549 1141 1609 homo
1156 1550 1187 1607 in
1202 1549 1265 1628 ipso
1279 1559 1348 1610 actu
1365 1569 1412 1608 ra-

310 1645 398 1705 tionis
412 1647 557 1718 ordinate‚
573 1646 702 1707 faciliter
716 1657 745 1706 et
759 1647 822 1707 sine
836 1668 934 1707 errore
956 1647 1105 1726 procedat.
1149 1647 1189 1706 Et
1205 1647 1277 1706 haec
1291 1657 1334 1706 ast
1350 1647 1410 1705 aa

309 1743 414 1821 logica,
431 1743 461 1803 id
476 1755 520 1803 est
534 1743 689 1804 rationalis
703 1744 862 1805 Salentia.”
878 1744 896 1804 l.
912 1765 936 1804 c.
952 1745 997 1804 ΟΥ.
1013 1745 1104 1804 Auct.
1121 1765 1148 1804 n.
1165 1761 1209 1804 iv.

419 1841 469 1900 Ex
484 1842 571 1902 dictis
585 1841 706 1920 colliges

348 1939 374 1998 3.
418 1939 528 1998 Primo.
572 1938 716 2018 Logicam
731 1957 792 1998 esse
807 1959 865 1998 non
877 1939 966 1998 modo
978 1939 1081 1999 utilem
1096 1939 1146 1998 sed
1161 1951 1191 1999 et
1204 1939 1411 2008 necessarioris,

308 2046 372 2095 tum
395 2037 479 2110 n)nd
506 2035 691 2114 operationes
717 2036 824 2094 mentis
849 2035 998 2094 humanae
1021 2034 1219 2096 ordinandas:
1242 2047 1306 2094 turn
1327 2033 1410 2110 blad

278 2199 281 2208 ,
303 2133 385 2221 plius
399 2133 547 2204 scientias,
564 2131 607 2192 uti
622 2143 747 2210 oportet,
769 2130 981 2192 addiscendas:
1004 2141 1069 2192 tum
1090 2133 1118 2208 c)
1131 2132 1169 2192 ad
1185 2131 1360 2191 refellendos
1374 2153 1411 2190 ac

310 2229 448 2289 vitandos
463 2249 594 2289 errores:
616 2239 679 2288 tum
703 2229 738 2307 d)
750 2229 789 2289 ad
804 2230 898 2310 ipsam
916 2231 1009 2290 vitam
1025 2245 1103 2290 recte
1124 2231 1348 2290 instituendam.
1363 2231 1410 2290 (tf.

311 2326 403 2385 Auct.
420 2324 474 2384 loc.
490 2327 532 2385 cit

351 2425 378 2482 l.
420 2423 566 2482 Secundo.
609 2421 719 2482 Merito
741 2423 910 2502 nuncupari
937 2421 1098 2502 Orqoiamn
1115 2423 1221 2483 Mentis
1235 2423 1408 2483 ntedicincrn

310 2541 345 2580 ac
372 2521 550 2598 tracy-istram,
583 2519 698 2579 Olorem
724 2519 926 2579 Scientiarnrn.
969 2518 1070 2579 Artem
1098 2521 1215 2578 tiniam.
1256 2519 1412 2580 Mottiana

310 2619 504 2678 Scientr'ururn
526 2625 673 2695 quatenus
687 2635 727 2675 sc.
749 2616 813 2694 ipsa
827 2629 870 2678 est
890 2617 1022 2677 Scientia
1042 2615 1242 2689 instrumenti,
1256 2636 1315 2694 quo
1330 2637 1414 2674 mens

312 2717 407 2776 utitur
421 2714 452 2774 in
466 2713 596 2774 scientiis
610 2713 713 2772 cetcn's
734 2712 931 2774 addiscendis.

353 2814 380 2871 5.
422 2810 530 2870 Tertio.
574 2809 718 2888 logicam
741 2809 938 2882 artificialem,
957 2809 994 2870 do
1012 2830 1072 2888 qua
1095 2809 1143 2869 hic
1166 2823 1209 2869 ast
1230 2829 1336 2880 serm0,
1357 2809 1415 2868 dis-

312 2909 408 2988 tingui
423 2928 441 2966 a
456 2907 553 2986 logica
567 2905 709 2978 naturali,
719 2906 970 2985 quemadmodum
986 2905 1149 2985 perfectum
1164 2905 1360 2985 distinguitur
1373 2904 1413 2964 ab

312 3006 493 3086 imperfecto,
507 3005 540 3063 ia
555 3003 651 3064 eodem
665 3024 777 3081 qaaere.
820 3003 876 3062 Est
890 3003 968 3062 enirn
986 3003 1099 3082 Logica
1114 3003 1276 3064 naturalis:
1299 3003 1414 3082 “dispo-

312 3104 379 3165 sitio
393 3101 552 3183 quaedam,
563 3123 653 3181 quam
670 3101 759 3161 horno
774 3101 864 3162 habet
878 3123 897 3161 a
911 3113 1029 3174 natura,
1040 3103 1079 3162 ad
1095 3102 1168 3162 bene
1183 3101 1326 3162 utendum
1342 3102 1414 3162 acti-

314 3203 369 3263 bus
391 3201 522 3274 rationis,
537 3201 622 3259 nullo
644 3199 822 3278 magisterio,
844 3200 987 3278 nullaque
1008 3199 1171 3259 doctrina.’'
1215 3199 1329 3278 Logica
1344 3221 1414 3258 vero

315 3287 496 3360 artificialis:
519 3296 650 3356 “reflexa
673 3295 819 3374 quaedam
845 3295 951 3356 notitia
974 3307 1069 3355 estet
1092 3295 1261 3355 distinctior
1275 3295 1414 3372 etmagis

315 3396 436 3457 evoluta
448 3393 613 3454 mediorum
625 3392 663 3452 ad
676 3412 779 3452 verum
792 3391 1003 3470 capessendum
1017 3393 1200 3465 idoneorum,
1211 3413 1301 3476 qnam
1314 3391 1414 3452 studio

315 3505 345 3555 et
359 3491 552 3553 meditatione
573 3489 799 3568 consequimur’
813 3509 863 3549 seu
885 3489 953 3549 aliis
976 3489 1072 3550 verbis
1088 3491 1171 3568 “ipsa
1191 3488 1245 3549 illa
1266 3488 1415 3549 naturalis

316 3591 468 3672 dispositio
489 3589 588 3650 studio
602 3608 638 3649 ac
659 3587 819 3648 reflexione
833 3588 871 3647 ad
893 3588 1103 3666 perlectionem
1125 3587 1284 3648 adducta?
1326 3586 1416 3646 Prior

316 3688 539 3752 communisset
561 3684 685 3757 homini,
700 3703 760 3762 qus
781 3683 869 3744 homo
890 3693 950 3744 ast:
973 3704 1032 3744 non
1047 3683 1116 3744 item
1140 3682 1292 3762 posterior,
1308 3691 1413 3772 utpote

316 3806 392 3865 quae
405 3783 538 3845 studium
550 3803 586 3842 sc
600 3781 792 3842 reflexionem
806 3780 947 3858 exquirit
963 3781 1008 3841 Os.
1025 3781 1188 3842 Auctorem
1204 3799 1233 3839 n.
1250 3797 1299 3840 111.
