3138 4956
1554 179 1555 228 l

1554 295 1555 360 l

446 412 493 473 De
519 413 615 474 Tertia
638 413 746 474 Mentis
772 412 953 492 (lperationa.
1190 407 1246 466 287

147 607 226 666 modi
243 629 367 679 cuneum,
377 629 435 666 neon
444 608 535 685 possit
546 608 630 667 aliter
638 629 666 667 aa
680 607 792 680 laudere,
804 607 871 667 aliis
882 607 990 680 verbis,
1002 606 1080 686 quod
1093 603 1249 665 necessitas

144 704 343 765 enunciabilis
364 725 416 784 per
437 705 516 788 hanc
530 725 649 764 causam
672 705 757 764 nobis
778 705 952 784 explicetur.
997 703 1084 762 Haec
1099 703 1158 762 tria
1172 721 1248 761 com·

143 800 250 879 plexus
265 813 308 861 est
323 800 499 861 Aristoteles
509 801 580 860 dum
597 802 656 862 ait:
679 801 755 862 “Ille
765 802 821 862 scit
830 803 952 880 proprie
966 809 995 862 ct
1009 801 1184 878 simpliciter,
1196 799 1245 878 qni

144 917 262 956 causum
271 899 420 974 cognoscit
434 918 488 957 cur
502 918 546 957 res
560 898 607 970 sit,
617 913 646 958 et
660 899 740 958 illias
753 919 869 958 curiatam
883 917 952 970 esse,
961 907 991 958 et
1005 899 1089 956 aliter
1102 917 1130 955 aa
1143 895 1248 954 hebere

144 1013 296 1070 conpesce
309 993 435 1052 firmiter
449 994 556 1054 tenet.’'
590 995 631 1072 (1.
648 993 727 1054 Post.
743 995 785 1070 2.)

186 1089 234 1149 Ne
248 1103 346 1149 tamen
363 1090 394 1149 in
408 1111 536 1150 errorem
554 1091 714 1162 inducaris
729 1091 855 1152 observa
869 1089 1080 1170 primo-Nos
1095 1089 1144 1149 hic
1158 1109 1245 1170 agere

148 1185 323 1246 descientia
345 1206 453 1258 rerum,
467 1208 544 1266 quae
558 1208 673 1246 eausam
689 1188 809 1260 liabent,
825 1187 990 1266 cujusmodi
1003 1199 1074 1247 sunt
1089 1207 1189 1246 omnes
1204 1205 1248 1244 res

146 1293 272 1355 creatae,
287 1304 372 1362 quae,
386 1285 410 1342 si
426 1284 521 1363 peond
542 1288 719 1344 existentium
731 1285 965 1358 considerantur,
981 1305 1101 1344 causam
1116 1284 1248 1344 caltiame-

146 1401 217 1452 cnm,
231 1381 293 1439 sive
317 1380 501 1454 efficientem,
515 1382 578 1441 sive
599 1382 729 1454 finalem,
751 1383 814 1442 sive
836 1381 1037 1461 exemplarem
1053 1381 1181 1441 habeut:
1202 1381 1247 1439 sin

146 1486 246 1537 autern
276 1479 375 1556 quoad
410 1479 604 1539 constitutiva
631 1479 798 1540 essentialia
826 1480 1057 1552 considerentur,
1084 1488 1155 1538 sunt
1181 1478 1249 1556 plue

149 1574 284 1634 minusve
312 1576 501 1653 compositae,
529 1587 558 1636 et
585 1596 700 1655 semper
728 1579 859 1655 ipsarum
886 1577 1020 1660 essentia,
1042 1576 1136 1657 veluti
1158 1595 1248 1635 causa

148 1672 306 1729 intrinseco
320 1671 535 1731 consideranda
549 1683 602 1743 est,
616 1693 652 1731 ex
669 1693 728 1750 qua
743 1673 938 1752 proprietates
952 1683 981 1732 et
995 1683 1101 1743 cetera,
1116 1691 1193 1750 quae
1208 1671 1248 1730 rei

149 1777 333 1846 competunt,
347 1767 506 1827 dimanant
521 1773 563 1845 (n.
580 1769 672 1847 308.).
716 1769 806 1845 Quod
827 1769 850 1828 si
866 1789 920 1841 res,
935 1768 972 1828 de
986 1789 1047 1847 qua
1060 1779 1104 1828 est
1116 1768 1248 1838 scientia,

146 1885 262 1924 euersam
275 1867 323 1924 aui
339 1885 394 1926 esse
410 1884 468 1924 non
492 1865 627 1926 habetet
648 1867 859 1944 simplicissima
878 1876 995 1926 constat
1008 1868 1124 1926 antiteta
1139 1865 1247 1944 (eujus-

147 1961 227 2020 modi
244 1971 288 2020 cst
302 1961 398 2038 Deus)
412 1971 483 2020 tunc
495 1961 625 2040 cognitio
639 1963 769 2040 perfecta
780 1961 862 2022 illins
877 1961 919 2020 nil
934 1961 1017 2021 aliud
1030 1961 1132 2040 exigit,
1145 1961 1199 2020 nisi
1217 1972 1249 2020 ut

147 2067 343 2135 cognoscatur
357 2078 402 2117 res
421 2078 478 2134 per
498 2059 691 2130 wlinemari
712 2059 794 2137 cajeta
808 2069 869 2118 est:
891 2067 921 2118 et
943 2059 1083 2138 quoniam
1110 2058 1193 2118 Deus
1207 2069 1250 2118 est

140 2174 198 2230 par
210 2174 294 2212 suain
308 2154 465 2226 essentiam,
479 2153 609 2232 cognitio
631 2153 689 2214 Dei
705 2154 834 2234 perfecta
848 2154 902 2214 illa
916 2165 968 2227 est,
983 2175 1043 2233 qua
1064 2155 1147 2216 Deus
1161 2157 1248 2214 intui-

146 2253 200 2308 tice
221 2271 274 2328 per
288 2251 379 2330 ipsius
393 2252 548 2312 essentium
571 2254 765 2330 cognoscitur.
809 2252 894 2314 Haec
909 2265 1009 2314 autem
1032 2254 1162 2332 cognitio
1187 2275 1248 2333 per-

147 2347 226 2406 fecta
241 2367 299 2406 non
325 2347 507 2408 habeturab
531 2349 651 2408 homine
676 2350 705 2408 in
733 2351 788 2410 hac
814 2349 950 2423 vita,sed
976 2349 1069 2410 beatis
1093 2351 1124 2409 iu
1150 2350 1248 2429 patria

147 2444 510 2504 reservatum-Attamen
525 2454 554 2510 et
568 2445 707 2523 cognitio,
719 2465 809 2524 quam
821 2446 858 2505 de
873 2445 939 2506 Deo
954 2447 984 2506 in
997 2447 1053 2506 hae
1065 2447 1128 2506 vita
1139 2445 1249 2506 habere

148 2561 312 2620 possumus,
326 2562 476 2621 quamque
487 2541 653 2621 Theologia
666 2542 813 2602 naturalis
826 2542 1007 2622 suppeditat,
1021 2541 1175 2620 scientifica
1188 2549 1247 2600 est:
1267 2519 1279 2540 ⁶

149 2659 219 2698 nam
236 2648 392 2717 postquam
410 2659 446 2698 ex
463 2639 607 2699 creaturis
628 2639 816 2699 existentiam
839 2638 927 2698 Entis
941 2638 1096 2698 necessarii
1112 2637 1248 2714 cognovi·

146 2757 222 2808 mus,
233 2737 272 2796 ad
287 2735 375 2814 hujus
391 2735 478 2796 Eutis
492 2735 647 2796 essentiam
664 2735 843 2807 rimandam,
855 2755 910 2814 ope
924 2733 1082 2806 ratiocinii,
1096 2751 1250 2810 assurgere

150 2853 315 2911 possumus,
330 2852 423 2910 eaque
443 2832 563 2911 cognita
577 2853 611 2892 eo
625 2832 723 2904 modo,
738 2852 796 2910 quo
812 2831 943 2891 humano
966 2830 1131 2890 intellectui
1147 2830 1177 2888 in
1193 2829 1249 2888 hac

151 2930 215 2991 vita
238 2940 282 2988 est
311 2929 459 3007 possibile,
482 2929 686 3007 cognoscimus
715 2929 754 3002 id,
770 2929 884 2988 ratione
906 2929 998 3006 cujus,
1013 2927 1160 2988 attributa
1176 2925 1249 3000 ¹Deo

151 3026 351 3086 conveniunt:
382 3035 425 3084 est
449 3025 528 3084 enim
555 3023 669 3084 Divina
695 3024 942 3102 Essentia‚juxta
967 3033 1100 3082 nostrum
1128 3020 1247 3080 modum

148 3121 344 3201 concipiendi,
359 3121 453 3182 veluti
466 3121 531 3181 fons
544 3133 574 3186 et
588 3121 778 3200 principium,
789 3141 826 3180 ex
838 3141 896 3199 quo
907 3140 1008 3180 omnes
1019 3119 1110 3198 ipsius
1121 3118 1250 3198 proprie·

150 3229 227 3279 tates
248 3227 445 3297 promanant:
477 3229 507 3276 et
529 3217 638 3276 exinde
661 3217 698 3282 ad
722 3218 796 3277 haec
817 3217 964 3276 attributa
988 3214 1198 3293 investiganda
1221 3229 1252 3272 et

149 3315 325 3375 deducenda
338 3313 533 3393 procedimus.

190 3412 326 3473 Observa
339 3411 666 3491 secunda-Cognitio,
681 3431 771 3491 quam
794 3412 926 3471 humana
942 3431 1024 3470 mens
1038 3411 1075 3470 de
1089 3409 1177 3469 rebus
1190 3429 1250 3468 cre·

151 3511 209 3570 atis
223 3510 324 3582 habet,
341 3521 410 3569 tunc
429 3509 629 3587 persectn‘dici
646 3521 776 3568 meretur
798 3519 888 3588 atque
911 3509 976 3568 ideo
989 3506 1114 3568 scientia
1129 3508 1251 3585 proprie

151 3605 242 3678 dicta,
256 3605 378 3684 quando
392 3625 437 3664 res
458 3625 510 3684 per
524 3625 625 3664 ornnes
639 3625 706 3664 suas
721 3625 824 3664 causas
838 3605 901 3664 sive
914 3606 1084 3663 intrinsecas
1099 3601 1248 3680 (materia-

151 3703 207 3762 lem
223 3723 273 3762 sc:
294 3712 325 3762 et
338 3701 509 3778 formalem)
524 3702 586 3762 sive
600 3703 770 3761 anamotus
785 3701 918 3778 (finalem
934 3721 980 3760 se:
1002 3698 1205 3778 exemplarem
1221 3707 1250 3758 et

147 3800 337 3876 efficientem)
355 3811 580 3877 cognoscuntur.
623 3798 710 3858 Haec
724 3810 824 3858 autem
846 3798 935 3878 plena
950 3809 980 3858 et
993 3797 1132 3858 absoluta
1150 3817 1247 3856 rerum

149 3921 202 3978 per
215 3920 316 3960 omues
330 3898 501 3958 earumdem
525 3917 629 3956 causas
643 3896 773 3974 cognitio
795 3897 928 3975 profecto
943 3895 1048 3956 haberi
1073 3904 1180 3972 posset,
1195 3893 1250 3954 hoc

156 3999 218 4076 ipso
241 3997 321 4075 quod
350 3997 416 4074 quis
444 3994 530 4073 plene
552 3994 729 4072 Efficientem
757 3994 888 4072 ipsarum
913 4013 1029 4052 eausam
1053 4001 1251 4070 cognosceret.

153 4093 234 4153 Nam
259 4093 311 4172 qni
330 4092 454 4171 perfecte
479 4100 667 4170 cognosceret
691 4089 861 4168 lt'ffeetorent
879 4089 932 4170 ¹rei,
947 4098 1135 4167 cognosceret
1159 4086 1248 4146 etiam

145 4191 247 4270 finem,
267 4190 306 4248 ad
334 4209 421 4267 quem
450 4188 569 4247 effector
597 4187 627 4246 in
657 4185 809 4246 molitione
838 4186 881 4246 rei
906 4185 1041 4264 respicit3
1063 4195 1250 4262 cognosceret

157 4289 310 4367 exemplar,
322 4289 359 4348 ad
375 4289 459 4367 cujus
474 4287 670 4346 imitationem
683 4285 819 4345 ellectum
832 4285 1048 4356 eoulbmiaret;
1063 4290 1252 4360 cognosceret
