3358 4952
948 519 1070 599 Lopt'cm

450 715 624 776 emmcietur
638 715 675 776 de
689 716 889 796 propositione
911 717 1060 791 absoluta,
1073 717 1273 778 convertendo
1296 716 1437 796 copulem
1458 716 1550 795 ipsiu»

450 813 478 870 iu
495 813 618 872 verbum
643 813 823 874 infinitivum
839 835 910 893 rag.
925 814 1043 874 “Deum
1059 813 1169 874 bonum
1185 835 1245 874 esse
1259 825 1302 874 est
1323 813 1549 874 necessarium.''

451 909 617 988 Propositio
631 910 816 983 warmasia
826 901 1183 989 jacens,dieiturDirtum
1192 911 1400 990 propositionis
1412 907 1548 969 modalis.

490 1004 534 1066 Ut
553 1026 645 1084 supro
664 1005 805 1078 diximus„
820 1008 983 1086 propositio
996 1007 1123 1066 modalis
1136 1007 1170 1066 in
1182 1027 1218 1066 eo
1230 1006 1330 1067 diflert
1344 1006 1383 1065 ab
1398 1005 1547 1069 absoluta.

450 1103 611 1179 quodcum
628 1103 703 1177 baec,
720 1104 886 1180 simpliciter
899 1104 1040 1163 enunciat
1061 1123 1153 1162 unum
1170 1104 1207 1163 de
1220 1103 1393 1184 altem,illa
1407 1102 1547 1162 enunciat

450 1199 538 1258 cti-mr
564 1199 692 1272 modum,
713 1197 777 1279 quo'
798 1199 1001 1279 praedicatum
1027 1200 1066 1260 ad
1090 1199 1257 1279 subjectum
1281 1200 1436 1260 referatur.
1475 1197 1546 1259 «lam

451 1317 521 1354 vero
536 1297 566 1355 hi
582 1297 661 1357 modi
677 1297 716 1356 ed
730 1305 853 1376 quotuor
863 1297 996 1358 revocari
1012 1309 1134 1376 possunt
1146 1318 1193 1357 sc:
1208 1297 1247 1356 ad
1260 1296 1362 1356 modos
1377 1295 1412 1355 dc
1426 1315 1546 1354 mccccc-

452 1395 503 1464 rio,
518 1393 553 1452 de
573 1393 808 1470 antispasto
823 1393 969 1470 possibili,
981 1392 1017 1454 de
1036 1393 1216 1470 impossibili.
1257 1391 1461 1468 Quamobrem
1483 1411 1546 1469 pro

452 1491 628 1567 pusitionum
645 1490 808 1550 modalium
823 1501 952 1568 quatuor
965 1499 1035 1550 suut
1048 1490 1178 1568 speciest

491 1585 735 1659 l,-Necessuric‚
750 1607 827 1666 quae
847 1587 987 1647 enunciat
1012 1587 1217 1665 praedicatum
1238 1587 1281 1648 ita
1298 1590 1386 1647 inesse
1405 1586 1547 1666 subjecto.

452 1696 484 1743 ut
508 1691 647 1762 *repplet
670 1704 730 1744 non
753 1685 861 1744 inesse:
884 1706 915 1746 v,
927 1707 954 1763 g.
997 1685 1182 1745 “Hominem
1195 1683 1382 1745 essee-nimal
1403 1682 1547 1744 rationale

386 1819 388 1827 ι
452 1801 557 1840 increase
572 1782 646 1842 est?
668 1781 838 1843 ueletiam:
861 1781 982 1842 “Homo
1003 1784 1160 1842 necessario
1174 1793 1219 1842 est
1239 1781 1351 1841 animal
1374 1778 1546 1841 rationale.''

494 1871 765 1956 ll.-tbotirrpens,
777 1899 854 1957 quae
867 1879 991 1940 exhibet
1004 1879 1209 1959 praedicatum
1224 1887 1289 1939 octo
1302 1882 1393 1939 rueme
1406 1878 1548 1956 subjecto.

451 1976 493 2034 itu
508 1988 616 2048 armen,
632 1985 666 2035 ut
679 1997 739 2036 uon
752 1985 893 2054 repopaet
907 1997 964 2056 pon
982 1977 1091 2049 inesse;
1107 1977 1272 2037 “mundum
1286 1977 1411 2036 existere
1426 1987 1469 2036 est
1483 1997 1546 2034 con-

451 2075 564 2149 tinpans
573 2073 599 2131 :”
623 2072 670 2132 vel
684 2073 792 2133 etiam:
814 2072 968 2134 “Mundus
981 2077 1177 2153 corrtinpeotcr
1190 2057 1320 2135 existits’

491 2168 750 2241 Ill—leaders,
764 2171 796 2228 in
809 2191 870 2249 qua
883 2171 1069 2250 significatur
1082 2171 1287 2250 praedicatum
1303 2192 1362 2230 non
1376 2171 1469 2230 inesse
1482 2177 1546 2228 actu

450 2267 592 2344 subjecto,
605 2267 655 2326 sed
664 2269 757 2334 damac
765 2288 867 2346 posse:
889 2289 918 2329 v.
932 2291 960 2346 g.
976 2268 1090 2328 “alium
1103 2268 1250 2328 mundum
1265 2269 1391 2328 existere
1404 2277 1448 2328 est
1456 2268 1547 2345 puori-

452 2364 507 2422 bile
516 2363 544 2422 .·”
566 2363 612 2423 vel
628 2365 736 2424 etism:
758 2363 855 2424 “alius
869 2365 999 2424 mundus
1013 2385 1073 2424 esse
1082 2365 1200 2443 puteat.”

491 2459 787 2538 lV.—Imposeibilis‚
809 2461 840 2520 in
865 2480 926 2540 qua
947 2460 1134 2539 significetur
1156 2461 1361 2540 praedicatum
1384 2461 1549 2520 umbram

448 2577 528 2634 posse
542 2555 675 2635 subjecto
688 2556 797 2616 inesse:
818 2577 849 2618 v.
862 2578 890 2636 g.
906 2557 1005 2617 “idem
1018 2557 1106 2618 simul
1122 2577 1183 2618 esse
1196 2567 1226 2618 et
1240 2577 1299 2616 non
1314 2577 1377 2616 eme
1389 2566 1433 2617 est
1447 2559 1544 2634 impos

451 2653 532 2712 sitite
541 2653 568 2711 .·”
583 2653 631 2714 vel
646 2653 754 2713 ctiam:
769 2653 867 2714 “idem
882 2656 981 2733 nepa-it
993 2655 1082 2714 simul
1093 2674 1154 2714 esse
1168 2663 1198 2715 et
1211 2675 1271 2715 non
1284 2654 1374 2714 esse.’'
1415 2655 1460 2714 At
1473 2653 1547 2712 haec

453 2750 615 2829 propositio
629 2745 682 2823 ,sic
706 2750 824 2828 prolatu
848 2751 954 2811 melius
979 2750 1132 2811 diceretur
1150 2751 1273 2811 modulus
1296 2752 1475 2830 emejurrctiuc
1498 2750 1546 2810 rel
1640 2807 1645 2814 .

452 2846 577 2906 modalis
592 2847 627 2906 de
641 2847 872 2925 incompescibili.

492 2945 546 3004 Isti
570 2944 648 3004 modi
672 2945 768 3024 ipsum
792 2943 927 3004 afficiunt
950 2946 1040 3004 iamne
1054 2965 1101 3004 sc:
1124 2944 1362 3024 conjunctionem
1385 2937 1546 3022 praedicati

452 3063 517 3100 cum
534 3042 673 3121 subjecto.
716 3040 867 3118 Quocirca
880 3041 912 3101 hi
927 3051 1045 3100 tantum
1061 3041 1290 3119 propositionem
1303 3040 1450 3100 modalem
1461 3039 1547 3100 effici·

452 3149 523 3196 unt:
547 3157 617 3197 uam
639 3137 670 3197 hi
684 3145 802 3198 tantum
824 3137 951 3198 formam
973 3137 1181 3216 propositionis
1201 3137 1377 3198 essentialem
1397 3136 1548 3198 afficiunt:

451 3234 558 3294 caeteri
584 3243 695 3307 auteur,
707 3234 732 3295 si
757 3235 808 3312 qui
832 3243 912 3306 sunt,
925 3232 973 3293 vel
999 3233 1045 3293 ad·
1063 3234 1219 3293 recensitos
1245 3241 1433 3306 revocantur,
1447 3233 1493 3294 vel
1508 3234 1545 3293 ad

451 3331 613 3409 praedicati
628 3341 682 3390 aut
695 3331 819 3409 subjecti
834 3330 979 3390 rationem
994 3329 1251 3410 determinandam
1267 3339 1412 3408 spectant,
1425 3331 1549 3408 ideoque

452 3439 605 3506 tamquam
622 3426 795 3487 alterutrius
809 3427 858 3486 vel
881 3427 1036 3504 utriusque
1059 3447 1128 3504 pars
1149 3437 1219 3486 sunt
1244 3425 1386 3486 habendi.
1428 3425 1549 3486 Exinde

449 3525 570 3604 colliges
595 3521 898 3603 u)—propositionem
921 3523 1008 3582 istum
1035 3521 1152 3582 “Sortes
1175 3521 1273 3583 studet
1296 3521 1474 3600 diligenter”
1495 3539 1546 3582 aut

450 3621 525 3680 olias
548 3619 723 3693 consimiles,
737 3639 796 3678 non
815 3638 880 3678 esse
901 3617 1044 3686 meacm
1065 3638 1124 3678 non
1148 3619 1226 3678 enim
1250 3617 1335 3679 nobis
1350 3617 1420 3679 licet
1434 3617 1549 3678 dicere:

451 3719 596 3797 “diligens
610 3727 653 3778 cst
666 3717 782 3778 Sortem
796 3716 941 3788 studere,”
954 3715 1205 3794 quemadmodum
1221 3716 1252 3774 in
1264 3717 1367 3776 ceteris
1380 3715 1550 3777 modalibus

451 3816 512 3876 fieri
528 3827 631 3895 potest.
673 3813 804 3891 Colliges
826 3811 1057 3890 b)-Adverbia
1079 3812 1185 3885 multa,
1199 3798 1328 3892 quaein
1352 3833 1458 3872 nomen
1483 3833 1549 3873 cou-

451 3935 544 3984 versa,
562 3911 795 3990 probabilitatem
817 3919 871 3970 out
893 3909 1093 3970 certitudinem
1115 3906 1179 3970 et'c:
1203 3910 1375 3989 important,
1390 3911 1428 3969 nl
1455 3931 1546 3970 riuum

452 4011 497 4072 vel
513 4013 641 4070 alterum
655 4030 692 4069 ex
709 4009 857 4069 recensitis
879 4009 974 4068 modis
997 4009 1139 4069 revocari.
1187 4009 1300 4070 Certum
1324 4011 1401 4068 euim
1426 4011 1550 4088 perimb-

449 4117 493 4170 est
516 4093 560 4167 ac*
574 4108 781 4176 licencentiam
802 4108 942 4194 inperium
965 4104 1043 4165 idern
1067 4117 1110 4166 est
1132 4125 1167 4166 ac
1189 4109 1374 4184 eordr’apeo·,·
1399 4107 1550 4185 pist-,osu

451 4206 528 4268 idem
543 4217 587 4265 cst
611 4225 647 4264 ae
666 4203 802 4284 possibile
826 4203 989 4264 secundum
1014 4202 1086 4282 quid
1110 4204 1128 4264 i.
1144 4224 1168 4264 e.
1193 4214 1289 4283 potest
1314 4224 1375 4262 csso
1400 4205 1548 4283 c'.jcctum

450 4302 683 4384 approbationis.
725 4299 888 4380 Propterea
910 4300 1133 4380 propositiones,
1156 4301 1186 4360 iu
1212 4301 1321 4380 quibus
1345 4301 1547 4381 hujuscemodi

449 4401 486 4462 de
501 4400 591 4460 Dicto
605 4400 707 4478 aliquo
720 4398 929 4470 enuncientur,
944 4398 1075 4458 modales
1098 4419 1198 4476 reapse
1213 4409 1290 4470 sunt,
1305 4411 1336 4458 at
1352 4409 1437 4458 oxu-a
1453 4419 1549 4458 roron-

447 4499 518 4558 sitas
532 4497 641 4575 species
657 4517 714 4555 non
731 4507 888 4572 vagantur.
