3118 4956
426 445 473 504 no
500 445 595 505 uma
615 445 722 541 uena
748 417 929 522 opacam.
1167 438 1225 496 aaa

119 640 203 700 dico:
234 639 379 718 quidquid
408 659 466 699 noa
495 639 628 712 amisisti,
653 637 760 699 babes:
795 638 967 698 thesaurum
994 655 1052 696 non
1082 631 1223 694 amisisti:

121 757 193 816 crgo
218 737 345 798 haba?
368 738 463 816 major
478 737 596 798 videtur
621 757 700 810 vera,
724 736 775 824 ped
801 755 859 795 non
887 744 938 796 eat.
980 729 1221 811 b.)-Quaedam

120 833 184 893 alia
205 844 283 906 suut,
298 854 371 914 quaa
384 833 551 894 concludere
564 833 707 904 adonim,
722 852 781 892 non
800 841 899 893 tamen
924 829 1124 891 concludunt:
1146 835 1181 885 ut
1194 846 1222 884 v.

122 951 152 1008 g.
178 949 246 990 cum
269 929 374 990 dico:'’
396 929 505 990 veritae
530 929 632 990 odium
659 930 753 1008 parit:
777 927 964 988 mendacium
994 925 1095 986 odium
1125 921 1221 1001 parit:

123 1025 313 1086 mendacium
335 1045 406 1104 ergo
426 1036 470 1086 eat
491 1026 636 1086 veritac:''
658 1025 817 1097 conclusio,
831 1036 866 1084 ut
875 1023 1034 1103 paululum
1056 1017 1223 1081 attendenti

118 1135 293 1202 potatuan
318 1134 406 1185 tenet.
448 1125 677 1201 c)-Quaedam
700 1122 819 1184 demum
844 1133 922 1193 aunt,
947 1113 1023 1200 quae
1045 1139 1078 1178 ee
1102 1121 1223 1193 raraque

32 1253 35 1258 ·
116 1229 203 1298 parte
219 1227 360 1298 peceant:
383 1231 416 1281 ut
431 1241 458 1281 v.
473 1243 501 1299 g.
517 1241 584 1281 cum
600 1220 685 1280 dico:
708 1219 881 1298 “Quicquid
896 1239 955 1278 non
970 1215 1094 1276 amisisti
1111 1211 1220 1272 habeo:

34 1309 40 1328 ²
118 1317 205 1398 atqui
220 1317 299 1380 hauc
313 1318 466 1397 capsulam
483 1317 610 1396 (scilicet
623 1338 692 1377 cum
706 1327 796 1378 annac
806 1316 961 1387 amisissem,
973 1334 1052 1374 nuno
1067 1308 1221 1384 invenisti)

119 1415 229 1475 habea:
265 1435 336 1494 ergo
363 1414 446 1474 illam
477 1435 535 1474 non
564 1414 716 1476 annisisti.'’
759 1412 964 1492 Quamobrem
992 1410 1032 1470 ab
1061 1404 1222 1468 Aristotele

117 1511 299 1572 describitur
311 1511 497 1590 Syllopecmuc
509 1511 694 1589 capltiaticaa:
716 1510 794 1582 “ille,
809 1509 861 1589 qui
876 1529 914 1570 ex
929 1508 983 1580 his,
998 1527 1072 1586 quae
1088 1501 1224 1583 mutuat

120 1610 164 1668 lla
178 1607 321 1682 uideretur,
335 1629 389 1668 nec
402 1615 478 1682 auat,
493 1608 610 1687 colligit
631 1607 866 1668 conclusionem:
888 1615 942 1666 aut
964 1625 997 1664 ee
1012 1598 1222 1680 munditiem,

118 1707 224 1785 iisque,
239 1727 316 1785 quae
338 1704 507 1784 probabilia
532 1705 680 1778 videntur,
706 1705 835 1783 oollipere
856 1702 978 1774 videtur,
1002 1719 1056 1759 nee
1080 1694 1221 1775 colligit.''

121 1803 165 1879 (6.
181 1801 359 1882 Topicorum
374 1802 471 1862 4.-1.
487 1800 559 1880 Τορ.
576 1802 627 1878 1,).
991 1872 996 1882 1

24 1905 29 1914 ’
161 1899 230 1978 Age
239 1899 303 1978 jam
319 1897 358 1958 ad
374 1898 529 1977 Lagicam,
544 1897 796 1976 quemadmodum
810 1915 901 1975 supra
914 1883 1080 1965 docuimus,
1095 1891 1223 1970 pertinet

110 1995 218 2074 foatea,
242 1995 321 2055 unde
348 1995 422 2055 haec
442 1995 626 2074 sophismata
653 1996 879 2073 depromuntur,
905 1993 1049 2070 detegere,
1075 1988 1223 2067 simulque

117 2093 245 2166 modian,
260 2114 315 2173 quo
329 2093 422 2166 refelli
435 2099 550 2173 penard
566 2093 690 2153 tradere.
733 2091 778 2152 Hi
787 2092 883 2170 soalee
896 2089 1030 2150 tredecim
1044 2109 1062 2148 a
1074 2087 1223 2147 veteribus

117 2189 374 2250 numerabantur:
389 2210 437 2249 aee
450 2191 483 2249 io
497 2189 617 2260 uocem,
631 2208 682 2250 eeu
696 2191 730 2248 ia
744 2188 884 2260 atatam
904 2191 1007 2265 neptem
1020 2187 1054 2245 ‘ia
1067 2183 1161 2256 rebec,
1171 2203 1221 2242 eeu

118 2293 202 2345 extra
215 2284 375 2346 dictionem.
418 2285 509 2345 Hanc
530 2285 785 2345 enumerationem
799 2283 964 2362 completam
977 2301 1038 2342 eane
1053 2281 1222 2360 pariterque

118 2390 258 2442 amaram
272 2383 422 2462 cujusque,
437 2394 467 2442 et
481 2382 606 2455 modam,
620 2403 680 2462 quo
694 2381 800 2444 resolvi
816 2392 946 2462 pascunt,
958 2399 1035 2458 quae
1048 2387 1221 2456 sequuntur,

57 2475 65 2492 '
120 2479 265 2557 aperient.

162 2673 247 2740 Dluo
269 2673 547 2736 l.-Oonueaieuter
568 2695 616 2734 eea
637 2681 844 2734 enumerarem
860 2673 957 2751 scalea
971 2673 1039 2750 (loci
1063 2669 1222 2748 coptam)

116 2771 323 2850 aopltiematam
347 2772 381 2830 ia
403 2771 547 2832 dictione:
569 2771 772 2851 Aequimaelio
795 2791 842 2831 ec:
862 2769 1057 2848 Aualiprtllaa,
1071 2767 1222 2837 Ammo,

127 2867 305 2946 Gompooilio,
322 2868 444 2938 Diuiaio,
460 2867 576 2946 Flpara
590 2868 772 2928 dietioaia—
893 2901 896 2909 ·

603 2966 632 3026 S.
656 2965 711 3026 Tb.
727 2966 784 3046 Op.
799 2966 837 3026 de
850 2965 978 3026 fallaciis
991 2987 1016 3025 u.
1033 2964 1058 3024 2.

8 3147 10 3152 ’
80 3233 82 3237 ,
162 3159 229 3220 260.
272 3159 647 3222 Dammana-Iocorum
669 3158 895 3238 copbmtiaoeum,
908 3179 960 3220 aen
974 3157 1175 3229 fallaciarum,
1188 3167 1220 3217 ut

117 3277 211 3337 supra
225 3257 366 3329 diximus,
378 3257 525 3337 quaedam
537 3267 608 3318 sunt
620 3261 654 3317 ia
668 3257 800 3330 dictione,
811 3257 960 3336 quaedam
970 3263 1051 3317 aetra
1061 3253 1221 3314 dictionem.

124 3355 162 3414 [a
175 3354 300 3416 dc'clioae
314 3354 396 3415 locua
409 3355 587 3434 sophisticus
599 3351 653 3426 eat',
668 3355 788 3432 quando
803 3349 984 3433 principium
999 3353 1156 3425 motivum,
1170 3373 1220 3412 acu

115 3473 207 3513 cauca
228 3455 419 3532 apparentiae
439 3461 484 3512 eet
497 3471 534 3512 ex
556 3473 590 3512 eo
611 3452 690 3531 quod
712 3473 774 3512 aaa
787 3441 839 3512 aaa
858 3451 951 3511 maella
963 3451 1127 3530 eipat'fiieot,
1141 3450 1220 3529 quod
1259 3457 1263 3471 '

117 3550 267 3629 contingit
289 3571 342 3629 per
362 3551 628 3629 multiplicationem
643 3550 858 3612 vocum-Eiet
879 3563 979 3612 autem
1001 3549 1150 3624 multiplea
1171 3549 1220 3609 tri·

118 3645 207 3726 plex:
229 3666 279 3708 ac:
301 3648 419 3719 maan,
441 3647 605 3730 potentiale,
627 3646 1005 3726 phantasticam—Aelaab
1026 3656 1078 3719 eat,
1099 3645 1220 3724 quando

116 3763 178 3804 una
199 3763 260 3804 vox
283 3741 314 3802 in
339 3741 424 3802 nullo
451 3743 567 3803 variata
591 3743 687 3804 multa
713 3743 877 3822 significan
899 3742 1008 3815 ethna,
1023 3743 1046 3802 ai
1061 3743 1144 3802 sitin
1160 3762 1221 3802 una

117 3841 257 3914 dictione,
272 3840 383 3900 dicitur
397 3842 589 3921 aequivocatio
601 3862 609 3913 ;
629 3841 652 3901 ai
669 3842 700 3901 in
715 3841 857 3914 oratione,
872 3841 983 3900 dicitur
996 3839 1219 3918 amphibolopia.

108 3938 323 4023 Q—Multiplex
333 3939 492 4018 potamion
502 3949 554 4010 eet,
569 3938 689 4017 quando
702 3959 763 3999 una
773 3959 833 3999 vox
845 3937 947 4018 aliquo
958 3938 1047 3998 modo
1057 3937 1219 3998 secundum

91 4051 93 4056 ·
117 4035 313 4115 prolationem
339 4031 461 4095 variata
479 4033 576 4094 multa
599 4033 765 4113 significat;
786 4034 866 4113 quod
891 4034 1011 4113 quidem
1036 4033 1220 4093 indictione

114 4133 279 4194 secundum
301 4139 454 4206 accedam
469 4133 500 4192 in
524 4133 658 4194 oratione
672 4153 751 4206 vero,
765 4134 928 4194 secundum
943 4134 1168 4212 compositionem
1191 4141 1220 4191 et

114 4229 285 4289 divicionem
310 4230 471 4309 (quatenus
496 4249 543 4290 ec:
569 4229 664 4291 oratio
686 4229 806 4291 diversa
827 4229 976 4308 significat
999 4233 1148 4307 composite
1161 4229 1218 4291 ·vel

114 4327 231 4387 dioiaim
245 4325 383 4405 prolata)¹
392 4325 816 4405 contingit—Pbaeaaatioam,
827 4347 877 4387 seu
892 4345 1049 4405 apparens,
1060 4324 1219 4404 multiplex
