3118 4956
440 411 487 470 De
513 411 609 470 Tertia
633 409 741 470 Martie
767 410 948 500 (himethea
1184 408 1243 469 233

137 603 340 666 definitionem
363 607 498 667 elenchi:
520 617 611 685 atque
631 606 743 666 idcirco
765 606 861 666 omnia
883 605 1005 666 fallacia
1029 605 1181 667 reducitur
1202 607 1243 665 ad

136 703 349 780 &amatum
361 703 478 776 annai,
493 715 646 782 tamquam
659 703 699 762 ad
712 704 845 781 penetrale
856 704 1044 781 praecpitem
1078 703 1239 782 Speciatim

139 817 238 860 mmen
254 802 372 862 omiaeio
385 821 498 870 aarum.
512 821 590 879 quoe
600 801 640 860 ad
648 799 902 860 mahadirtiorran
916 800 1074 879 pertinent,
1088 799 1242 860 comtitult

139 900 336 976 igitaraaticm
351 898 468 970 elenchi,
483 907 629 976 qnatenus
643 897 775 974 epecinlt'a
789 897 935 974 quaedam
945 897 1071 974 fallacia
1084 907 1144 956 eat:
1160 897 1241 975 peni-

139 1013 189 1055 tur
201 1015 328 1073 namque
341 995 370 1053 in
383 994 553 1076 definitione
564 993 679 1054 elenchi
691 993 887 1064 contradictio,
899 1003 1053 1072 tamquam
1066 986 1240 1052 (liffererltia.

139 1091 210 1152 ‚lam
233 1113 298 1170 age,
313 1092 452 1170 quoniam
478 1091 599 1151 fallacia
624 1111 684 1150 ease
709 1110 768 1150 non
794 1101 888 1168 potest
910 1092 934 1150 si
960 1092 1134 1169 apparentia
1157 1089 1241 1162 desit,

139 1195 256 1267 oportet
269 1188 308 1247 ad
325 1189 388 1260 hoc,
400 1189 478 1266 quod
494 1188 572 1248 circu
584 1187 849 1256 contradictionem
860 1187 900 1246 sit
914 1186 1044 1258 fallacia,
1056 1198 1090 1248 ut
1103 1188 1142 1247 sit
1152 1207 1241 1265 appa·

138 1279 206 1345 retae
220 1285 414 1358 eorumdietio,
429 1297 539 1345 etcum
560 1285 614 1344 hoc
635 1285 750 1363 aliquid
765 1284 804 1343 ad
820 1284 976 1344 veritatem
998 1284 1241 1344 contradictionis

140 1380 231 1440 dealt:
256 1366 414 1460 Apparen's
428 1377 528 1441 autem
551 1381 748 1442 contradictio
762 1401 822 1442 mee
837 1401 895 1441 nnn
912 1391 1015 1460 potest,
1031 1382 1086 1442 alsi
1100 1382 1138 1442 ait
1152 1383 1246 1441 unita

138 1491 168 1538 et
182 1479 316 1558 quadem.
362 1479 452 1540 Unde
466 1500 504 1539 ex
518 1480 634 1540 defectu
647 1480 826 1558 aliquorum,
838 1500 915 1559 quae
926 1481 963 1539 ad
976 1467 1240 1540 contradictionem

140 1578 341 1654 reqmruntur,
356 1577 390 1638 lit
410 1577 540 1638 fallacia.

183 1673 238 1734 Est
261 1685 361 1734 eutem
383 1675 596 1735 contradictio:
619 1675 785 1754 “oppositio
806 1676 894 1734 uniue
913 1685 944 1733 et
963 1673 1103 1754 ejusdem,
1118 1693 1177 1734 non
1199 1674 1241 1734 rei

140 1785 268 1844 tantum,
282 1771 333 1832 sed
349 1772 390 1831 rei
403 1783 434 1830 et
447 1772 576 1832 nominis
588 1771 688 1844 simul,
701 1771 865 1831 secundum
880 1771 968 1842 idem,
982 1770 1022 1830 ad
1037 1770 1125 1842 idem,
1138 1771 1241 1830 simili-

141 1870 274 1930 taretin
290 1869 392 1928 eodem
415 1869 565 1948 tempore’'
581 1870 625 1947 (S.
640 1869 696 1928 Th.
711 1889 758 1947 np.
774 1891 797 1928 c.
813 1891 837 1928 c.
855 1869 916 1946 12).
958 1867 1045 1928 Haec
1059 1879 1159 1928 autem
1175 1889 1241 1928 con·

142 1965 329 2026 tradletionia
353 1965 487 2025 delinitio
503 1985 608 2044 parum
626 1964 672 2025 vel
687 1965 763 2025 nihil
789 1965 889 2025 differt
901 1965 940 2024 ab
955 1985 999 2036 ea,
1015 1985 1105 2043 quam
1131 1957 1241 2024 Recen-

83 2083 86 2088 ’
142 2063 232 2122 tiaree
253 2063 379 2122 tradunt
391 2071 422 2122 et
435 2082 488 2122 noe
501 2081 592 2140 supra
604 2063 647 2138 (n.
664 2062 725 2139 28.)
742 2061 886 2122 dedimus.
929 2061 998 2122 Erit
1012 2062 1105 2140 igitur
1117 2063 1242 2142 fallacia

140 2157 298 2218 acumem
317 2159 516 2236 ipaorantt'am
537 2158 663 2228 elenchi·
684 2159 837 2237 “deceptio
860 2159 1036 2238 proveniens
1050 2181 1088 2219 ex
1102 2181 1146 2232 co,
1159 2161 1240 2239 quod
1329 2203 1334 2212 .

142 2275 200 2315 non
216 2255 414 2316 observantur
426 2277 471 2328 ea,
486 2265 641 2334 quaesunt
651 2255 815 2316 necmaaria
825 2255 863 2314 ad
875 2255 1043 2326 elenchum,
1056 2255 1240 2333 potissimum
1291 2303 1297 2314 .

141 2374 175 2412 aa
193 2360 278 2430 parte
291 2352 535 2425 mendaciorem,
550 2353 568 2412 i.
581 2373 607 2412 e.
621 2353 694 2431 quia
708 2353 864 2430 ignoratur
878 2351 1011 2412 delinitio
1033 2353 1242 2413 contmdictic

141 2448 215 2509 nie.”
250 2450 347 2510 thuan
361 2451 553 2527 apparentiae
567 2449 597 2508 in
613 2448 671 2508 hac
684 2448 807 2509 fallacia
821 2459 880 2508 eat:
896 2447 1080 2508 “similitudo
1094 2467 1241 2526 apparent

142 2544 384 2604 contradictionis
405 2544 568 2606 deficientis
581 2545 620 2604 ad
643 2545 910 2605 contradictionem
937 2544 1096 2622 perlectam
1108 2544 1134 2603 :''
1156 2567 1243 2605 cacan

142 2663 202 2702 noa
216 2643 380 2702 ammeca
393 2651 453 2701 eat:
476 2641 650 2720 “utriunque
664 2641 848 2701 diversitas?
874 2694 875 2698 ,

122 2795 133 2814 ,
184 2740 285 2819 Hujus
306 2740 445 2800 fallaciae
459 2740 621 2800 medicant
641 2749 778 2819 quatuor.
822 2739 902 2800 Nam
918 2749 1049 2818 quatuor
1061 2748 1131 2799 aunt
1144 2740 1244 2799 condi-

141 2836 235 2896 cenea
246 2836 285 2896 ad
296 2835 562 2896 contradictionem
577 2836 754 2914 perfectam:
771 2845 805 2895 ut
814 2836 910 2896 eltae:
925 2833 1072 2904 aelidem
1086 2834 1242 2895 amandam

141 2933 239 3004 Idan:
259 2935 409 3003 cundiam
430 2941 456 2992 et
476 2932 573 2992 eodem
594 2932 936 3010 tempora-Secundum
951 2931 1031 3010 quod
1046 2951 1243 3011 unaquaeqne

145 3032 265 3091 istarum
288 3030 492 3091 conditionum
516 3029 675 3102 amittitur,
697 3028 887 3109 quadruplex
909 3029 1103 3107 ignorationis
1127 3029 1242 3090 elenchi

143 3128 249 3205 apeaica
265 3127 400 3187 habetur.

185 3225 330 3302 Ignorant
343 3224 497 3284 elenchum
514 3225 655 3284 haeretici
668 3233 699 3284 et
712 3233 858 3303 quotquot
868 3223 916 3282 vel
930 3222 1009 3295 dolo,
1021 3222 1068 3284 vel
1080 3223 1195 3296 fraude,
1207 3243 1244 3294 ne

143 3321 215 3382 dent
238 3322 332 3381 victas
358 3341 471 3394 manua,
485 3321 524 3382 ad
551 3321 590 3395 id,
605 3322 684 3400 quod
711 3343 768 3383 non
795 3323 998 3400 impugnatur,
1013 3321 1244 3400 respondentet

144 3418 229 3491 illud,
244 3418 323 3497 quod
344 3429 433 3479 extra
453 3421 683 3480 controversiam
706 3431 750 3480 eet
771 3421 909 3499 positum,
925 3420 1111 3499 impugnant
1153 3421 1242 3482 Oi&

145 3519 224 3596 Aug.
239 3518 282 3596 (6.
297 3537 321 3578 c.
336 3517 496 3578 lulianum
510 3539 535 3578 c.
551 3519 647 3578 5.-1.
663 3532 739 3579 cont
754 3517 866 3579 Coeles.
881 3539 905 3578 e.
922 3518 984 3594 23.)
1007 3517 1153 3596 Ignorant
1165 3517 1243 3578 elen-

144 3613 233 3673 chum
249 3614 280 3674 hi
295 3633 421 3693 quoque,
435 3615 487 3693 qui
501 3615 651 3692 denegant
672 3615 837 3677 Dominum
861 3615 1005 3676 Nostrum
1026 3613 1130 3676 Jesum
1145 3615 1244 3676 Chrie
1299 3605 1301 3610 ¹

145 3728 209 3771 tum
224 3733 285 3772 esee
300 3733 402 3772 verum
425 3713 535 3785 Deum,
549 3723 603 3774 aut
619 3734 720 3774 verum
744 3715 893 3773 hominem
907 3715 1020 3772 ratione
1034 3711 1243 3784 mahamet,
1294 3707 1295 3710 ’

145 3827 220 3888 qnae
244 3809 282 3868 de
306 3808 376 3888 Ipeo
398 3809 627 3888 praedicantur:
660 3809 734 3871 haec
757 3812 835 3871 enlm
862 3809 1018 3881 attributa,
1043 3829 1119 3888 quae
1147 3810 1244 3889 prima

144 3905 241 3967 fronte
266 3909 401 3987 opposita
424 3909 573 3982 videntur,
588 3909 725 3988 opposita
746 3919 931 3970 tamennon
951 3915 1040 3968 eunt:
1062 3907 1244 3968 conveniunt

145 4025 274 4084 nunqua
295 4007 347 4066 uni
369 4007 525 4086 eidemque
549 4007 695 4067 Perennae
718 4006 908 4085 (Verbiam)
930 4005 1043 4065 ratione
1065 4003 1244 4064 detornatam

142 4111 318 4164 naturam
343 4103 475 4166 Divinae
495 4125 545 4165 ac:
567 4115 597 4164 et
621 4105 779 4176 humanae,
800 4123 878 4182 quae
901 4103 932 4162 in
957 4101 1059 4162 eadem
1082 4101 1244 4180 Suppositc

143 4199 257 4264 Divino
269 4201 442 4262 subsietunt
484 4202 633 4281 Ignorant
646 4201 816 4262 Elenrhum
831 4201 926 4265 narrt
939 4199 1079 4279 temporie
1092 4198 1243 4272 haemtici,

140 4301 193 4378 qni
209 4309 242 4360 ut
256 4299 382 4379 probeat
403 4299 540 4360 mutilem
554 4317 617 4360 eme
637 4297 859 4360 OonIoeaionem
879 4293 1143 4367 flammantelam,
1157 4294 1244 4356 aiunt
