3118 4956
444 419 492 479 De
518 419 613 478 Tertia
635 418 743 478 Maub'c
770 417 951 496 Operatione.
1189 415 1246 476 263

142 615 286 694 subjecto,
301 635 390 694 quam
413 615 510 686 alteri,
525 612 889 677 conveniat”-II.-—De
909 613 1048 674 methodo
1062 615 1095 673 iu
1116 633 1171 673 aaa
1184 613 1247 672 iato-

144 735 213 773 ram
227 714 353 773 iocorum
367 713 548 773 adhibenda.
591 713 636 772 At
648 733 773 791 sequeus
783 722 876 791 caput
889 711 1058 791 posterioris
1069 710 1248 789 quaestionis

140 810 323 870 solutionem
346 810 478 871 eontinet
488 832 500 869 :1
517 810 599 892 priqr
614 829 684 870 vero
699 809 832 887 quaestio
848 829 989 888 magnam
1012 808 1173 868 utilitatem
1189 827 1247 866 non

143 908 219 967 mibi
236 908 354 968 videtur
369 907 487 980 habere,
502 917 532 967 et
545 903 669 986 quisque
684 905 773 967 t'acile
787 927 825 966 ex
840 906 928 966 dictis
942 905 1026 966 illam
1040 906 1155 966 solvere
1170 914 1248 982 pote

144 1004 186 1064 rit
200 1005 305 1083 etjam
322 1003 412 1083 longa
427 1004 576 1076 tractatio,
591 1023 680 1083 quam
704 1003 857 1082 hucusque
870 1002 974 1075 habui,
989 1023 1036 1062 me
1050 1002 1200 1072 admouet,
1216 1017 1249 1060 ut

144 1101 185 1161 ab
201 1101 255 1172 his,
270 1121 346 1180 quae
362 1099 525 1160 necessaria
539 1121 597 1158 uon
612 1110 691 1172 sunt,
706 1109 736 1158 et
750 1119 826 1177 quae
839 1098 963 1158 aliunde
973 1118 1147 1177 comparare
1161 1097 1248 1157 facile

144 1209 277 1277 possunt,
291 1196 506 1275 supersedeam.
549 1195 594 1256 cf.
609 1196 633 1256 si
648 1195 731 1268 velis,
746 1195 824 1254 inter
837 1193 920 1267 alios,
936 1192 1070 1255 Fonseca
1084 1193 1143 1254 lus.
1167 1193 1247 1252 Dial.

146 1295 198 1356 lib.
215 1297 242 1357 l.
257 1317 281 1355 c.
297 1296 385 1355 36.-.-

535 1585 784 1647 ARTICULUS
805 1584 867 1646 111.

357 1801 402 1842 DE
423 1799 732 1843 ARGUMENTATIONE
754 1797 1039 1842 DEMONSTRA'HVA.

383 1897 386 1904 .
536 1871 545 1892 ,
696 1869 700 1880 .

189 1977 255 2036 290.
298 1977 386 2052 Qtrae
400 1975 437 2036 de
457 1976 718 2054 argumentatione
738 1973 892 2052 sophistica
906 1983 936 2034 et
950 1973 1100 2034 dialectica
1114 1974 1143 2032 in
1168 1993 1248 2053 prae·

144 2072 319 2133 cedentibus
340 2072 475 2132 articulis
499 2071 665 2143 docuimus,
687 2070 724 2130 ad
753 2071 906 2131 scientiam
933 2070 1146 2149 acquirendam
1169 2070 1247 2130 viam

146 2179 276 2248 parant:
292 2168 506 2248 impedimenta
520 2169 609 2240 enim,
621 2188 697 2247 quac
712 2167 862 2228 humanae
877 2169 1000 2228 rationis
1014 2169 1071 2228 iter
1082 2168 1258 2238 obstruunt„

146 2267 340 2339 ostendimus,
349 2267 497 2346 simulque
507 2267 605 2327 varios
619 2267 723 2340 fontes,
734 2267 812 2326 unde
823 2266 1013 2346 cognitiones,
1022 2287 1099 2345 quae
1109 2266 1250 2327 scientiae

147 2364 373 2442 acquisitionem
396 2363 559 2424 faciliorem
583 2362 721 2436 reddunt,
736 2363 944 2423 iudicavimus.
987 2363 1103 2448 Verum
1118 2383 1177 2422 non
1193 2362 1248 2422 nisi

148 2461 392 2538 Argumentatio,
420 2481 497 2539 quae
525 2480 578 2539 per
604 2467 681 2520 certa
703 2471 734 2519 et
760 2459 905 2519 euidentia
931 2460 1080 2539 principia
1107 2459 1248 2539 procedit,

146 2576 284 2636 quaeque
322 2557 432 2616 idcirco
462 2556 703 2629 Demonstratioa,
739 2555 788 2617 rel
824 2555 999 2634 simpliciter
1035 2557 1249 2616 Demonstrabo

146 2652 268 2723 dicitur,
280 2653 359 2714 hunc
373 2653 519 2726 affectum,
534 2652 682 2712 Scientiae
691 2673 739 2712 sc:
761 2652 997 2731 acquisitionem,
1008 2662 1157 2732 praestare
1171 2663 1249 2731 pote

147 2751 196 2810 rit.
238 2750 328 2812 Unde
351 2751 420 2830 jure
445 2750 670 2811 observavimus
698 2770 789 2829 supra
815 2753 858 2828 (n.
877 2750 959 2828 257.)
985 2771 1022 2810 ex
1044 2750 1073 2811 S.
1098 2750 1154 2811 Th.
1170 2751 1248 2830 quod

147 2849 264 2908 tametsi
275 2847 338 2925 J‘nd
353 2847 507 2907 scientiam
523 2847 674 2907 concurrit
689 2847 718 2905 in
733 2847 778 2906 sui
793 2846 989 2925 acquisitione
1000 2847 1126 2924 exponit
1140 2853 1250 2906 coutra-

148 2947 209 3015 rii:
224 2994 230 3005 .
246 2993 252 3006 .
271 2993 276 3005 .
293 2993 299 3006 .
315 2957 345 3005 et
358 2945 458 3023 opinio
473 2965 511 3004 ex
534 2943 714 3023 Syllogismo
736 2943 894 3004 dialectico
907 2944 946 3004 sit
959 2946 1007 3003 oia
1021 2946 1060 3002 ud
1074 2945 1249 3012 scicntiuru,''

149 3053 249 3102 tamen
266 3042 339 3102 llaec
354 3043 470 3102 nonnisi
485 3047 558 3120 “per
580 3041 861 3101 demonstrationem
885 3041 1078 3120 acquiritur.”
1121 3041 1169 3100 De
1193 3041 1250 3100 hat·

149 3140 243 3218 igitur
266 3140 447 3219 loquendum
473 3139 558 3198 nobis
573 3138 647 3223 eritj
669 3139 719 3198 sed
735 3151 824 3198 atttea
838 3139 867 3197 in
885 3139 1057 3198 memoriam
1080 3139 1249 3200 revocanda

139 3247 226 3308 ,strat
241 3256 415 3315 quaesupra
431 3236 495 3313 (nn.
512 3235 578 3296 210.
595 3237 676 3313 276.)
695 3235 733 3295 dc
747 3236 946 3314 Proecopnitis
959 3246 996 3309 et,
1008 3236 1252 3296 Proerrotiortilrtne

150 3331 314 3414 Ratiociuii
331 3333 491 3406 innuimus,
520 3353 613 3411 eaque
628 3333 721 3392 fusius
736 3333 927 3394 declaranda.
1189 3325 1193 3333 ¹

189 3430 256 3490 300.
299 3428 477 3509 Priusquam
504 3449 585 3489 meus
610 3430 837 3490 determinatam
861 3431 994 3510 aliquam
1021 3431 1175 3491 veritatem
1203 3432 1249 3492 dc

150 3537 301 3600 monstret,
316 3527 400 3586 illam
415 3527 482 3599 sibi,
492 3549 549 3605 per
562 3527 678 3586 arod-um
705 3527 895 3604 eracstionir,
911 3529 1058 3607 proponit,
1073 3527 1250 3607 inquirendo

146 3626 287 3685 nimirum
317 3625 366 3686 vel
394 3625 538 3704 quodnam
567 3624 771 3703 praedicatum
800 3625 871 3684 dato
901 3626 961 3702 (sc:
996 3625 1129 3704 cognito)
1158 3625 1248 3686 alicui

146 3721 279 3800 subjecto
307 3722 485 3791 conveniat;
521 3720 567 3780 vel
596 3723 746 3793 rationem,
775 3742 829 3780 (eur
855 3723 1007 3801 cognitum
1044 3721 1247 3800 praedicatum

147 3817 288 3897 Subjecto
302 3819 468 3878 conveniat.
511 3817 547 3876 In
565 3832 690 3895 utroque
701 3839 769 3878 ‹rnsu
786 3818 826 3890 id,
837 3819 916 3897 quod
928 3819 1033 3878 directa
1044 3830 1074 3879 et
1086 3819 1250 3879 immediata

148 3913 282 3992 inquirit,
297 3924 341 3972 est
365 3921 576 3990 aequitaniam,
591 3933 640 3972 seu
664 3913 776 3973 medius
798 3916 944 3987 terminus,
960 3917 1043 3994 eujus
1066 3935 1121 3993 ope
1136 3914 1189 3974 fiat
1202 3914 1248 3974 de·

147 4010 257 4082 ductio,
272 4031 359 4088 quem
376 4010 427 4068 ubi
445 3999 525 4068 aretis
547 4009 695 4068 invenerit
708 4021 738 4069 et
754 4023 787 4070 ut
801 4010 890 4070 talem
907 4012 1070 4090 agnoverit,
1081 4011 1144 4090 jum
1162 4011 1248 4071 ratio·

146 4108 275 4179 cinatur,
289 4117 319 4168 et
333 4107 412 4186 quod
434 4107 606 4186 quaerebat,
622 4107 795 4186 assequitur.
839 4108 999 4184 Quomodo
1020 4120 1118 4168 utitem
1135 4109 1245 4168 inueni·

146 4206 255 4265 endum
271 4205 310 4266 sit
333 4213 544 4281 crpunrentcm,
559 4225 636 4283 quac
658 4205 688 4264 in
712 4204 900 4283 praecedenti
923 4205 1051 4266 articulo
1065 4204 1146 4265 dicta
1168 4219 1246 4268 suut.

144 4303 216 4363 satis
239 4303 439 4372 manitbstunt,
454 4313 485 4361 et
498 4323 574 4380 quac
590 4323 660 4362 mox
674 4302 784 4362 dicturi
807 4323 910 4363 suiuus
924 4304 961 4362 dc
986 4302 1247 4363 Demonstratione

145 4400 270 4461 ulterius
284 4398 492 4460 declarabunt.
