3118 4956
324 421 381 480 sao
817 421 937 500 aqua

364 619 400 676 27
404 619 430 677 7.
474 616 525 676 Ad
541 616 595 676 hus
609 617 795 695 quaestiones
816 616 974 677 solvendas
988 637 1138 677 necessum
1153 627 1205 690 est,
1221 627 1254 677 ut
1271 618 1422 695 principia

322 713 588 792 argumentationis
599 723 629 774 et
643 721 845 792 urpumeatum
859 723 977 792 praesto
990 714 1050 775 sint
1062 715 1156 793 (quod
1168 715 1287 793 quidem
1303 715 1420 774 inomni

259 817 262 824 '
322 803 493 888 quaestione
506 808 650 869 solvenda
667 809 852 888 requiritur).
896 809 952 870 Est
965 819 1065 870 autem
1080 817 1282 888 arpumeatmn
1299 811 1422 870 dialecti·

323 929 394 978 cam,
410 916 444 966 ut
458 905 561 965 Cicero
585 906 615 965 in
639 905 740 985 partit.
755 906 814 966 ait:
837 906 1003 980 “probabile
1026 909 1173 966 iuuentam
1195 906 1235 965 ad
1251 906 1422 983 jaciendum

316 1003 407 1081 fidem
416 1002 443 1061 :''
454 1002 472 1062 i.
484 1023 508 1062 e.
521 1001 674 1074 “medium,
685 1003 767 1081 quod
778 1023 848 1062 cum
863 1003 1035 1082 praedicato
1049 1014 1079 1062 et
1091 1003 1224 1082 subjecto
1238 1002 1423 1081 quaestionis,

322 1110 375 1160 urit
398 1121 465 1160 eum
489 1100 634 1160 alterutro
657 1120 768 1172 eorum,
791 1101 983 1160 uerisimiliter
1004 1097 1189 1172 eonnectitur,
1204 1113 1238 1160 ut
1259 1101 1332 1179 ejus,
1346 1100 1422 1178 quod
1536 1159 1537 1170 ,

322 1197 558 1258 confirmandum
584 1207 636 1269 est,
657 1217 802 1256 ascensura
826 1197 985 1276 quemdam
1012 1219 1071 1258 aaa
1094 1200 1213 1257 emaum
1236 1199 1423 1256 ammomum
1536 1215 1537 1228 ³

322 1296 457 1357 efficiat.”
500 1295 570 1356 Hae
583 1297 663 1356 euim
678 1295 792 1356 ratione
806 1306 1017 1390 argumentum
1033 1295 1214 1355 diabolicum
1224 1316 1242 1354 a
1254 1293 1425 1353 demonstra

281 1461 284 1468 ⁴
322 1397 376 1453 tica
399 1393 506 1465 differt,
521 1393 604 1472 eujus
627 1393 701 1454 haee
715 1402 759 1453 est
782 1405 899 1466 nutura,
915 1403 949 1452 ut
970 1413 1038 1452 cum
1062 1393 1234 1472 praedicatu
1249 1401 1278 1452 et
1291 1391 1422 1470 subjecto

323 1490 502 1569 quaestionis
525 1483 680 1550 tamaio
698 1491 855 1570 jungatur,
876 1501 906 1550 et
929 1510 1072 1550 aurosum
1095 1491 1286 1549 aaemearlum
1309 1488 1423 1548 efficiat.

326 1589 368 1646 At
382 1588 524 1665 quonism
536 1585 622 1659 illud,
633 1586 714 1666 quod
729 1586 925 1647 necessarium
936 1586 971 1646 ia
984 1607 1013 1646 te
1023 1597 1076 1659 est,
1088 1597 1184 1665 potest
1191 1585 1308 1664 judicia
1319 1605 1423 1654 eorum,

321 1684 424 1764 quibus
447 1685 633 1762 proponitur,
658 1682 815 1761 probabile
838 1683 1021 1754 existimari:
1044 1683 1113 1742 bine
1138 1692 1190 1754 est,
1218 1681 1297 1760 quod
1325 1679 1424 1743 curnis
1536 1727 1537 1762 q

322 1789 500 1859 argumenta
514 1779 737 1840 deaautrataa
757 1779 870 1858 possint
883 1799 943 1840 eeae
962 1779 1140 1857 probabilia,
1154 1800 1204 1838 seu
1229 1778 1424 1852 dialectiemsi
1536 1763 1537 1828 l

322 1899 389 1938 cum
413 1878 508 1938 altero
522 1877 627 1938 saltem
650 1877 831 1955 quaestionis
854 1877 982 1937 termino
1005 1875 1202 1955 probabiliter
1223 1887 1340 1936 tautum
1359 1895 1425 1937 con:
1536 1915 1537 1952 3

318 1975 406 2053 jungi
422 1974 638 2034 existimentur.
681 1972 738 2033 Est
758 1972 851 2051 igitur
875 1974 1097 2052 Argumentum
1118 1971 1309 2032 dialecticum
1333 1973 1381 2048 (ut
1404 1992 1422 2030 a
1536 1955 1537 2048 J

322 2069 556 2130 demonstrativo
583 2069 772 2144 distinctum)
800 2068 928 2129 modim
950 2067 1103 2146 probabile
1133 2067 1248 2146 judicio
1276 2069 1347 2146 ejus,
1375 2069 1421 2125 cui

324 2168 514 2247 proponitur:
537 2167 589 2227 etsi
612 2185 825 2244 saepenumero
840 2167 873 2226 ia
886 2186 914 2224 ee
936 2166 1102 2243 inspectum
1127 2165 1323 2234 ueoessarium
1345 2165 1382 2224 sit
1396 2176 1424 2224 et
1536 2167 1537 2182 ¹

322 2265 598 2326 demonstrativum.
641 2261 772 2322 Nomine
787 2283 857 2324 vero
871 2263 1039 2341 argumenti
1057 2283 1116 2322 uon
1142 2273 1260 2322 tantum
1285 2263 1422 2332 medium,

321 2363 416 2422 sedet
436 2361 624 2441 praemissae,
638 2359 812 2439 praesertim
835 2361 938 2438 major,
954 2359 1002 2420 vel
1024 2369 1119 2420 totum
1143 2359 1320 2420 antecedens
1334 2359 1421 2419 venit.
1536 2407 1537 2442 Ξ

323 2459 476 2538 Principis
489 2467 589 2518 autem
604 2457 872 2536 argumentationis
884 2458 988 2536 (prout
1002 2457 1051 2518 hic
1064 2461 1239 2534 sumuntur)
1254 2479 1260 2516 :
1276 2455 1423 2535 “proposi-
1536 2453 1537 2468 ³

323 2556 416 2615 tiones
430 2553 502 2614 illae
515 2553 667 2628 dicuntur,
681 2574 759 2633 quae
768 2555 870 2614 statim
886 2575 921 2614 ao
936 2555 1056 2615 termini
1069 2565 1298 2632 cognoscuntur,
1313 2553 1422 2632 absque

324 2652 457 2714 ulteriori
477 2651 676 2731 inquisitione,
695 2661 750 2712 aut
770 2651 996 2712 oonfirmatione
1019 2651 1212 2731 probantur‚”
1233 2651 1421 2730 quemadma-
1536 2729 1537 2752 q

323 2751 393 2808 dum
410 2769 447 2809 ex
463 2748 595 2809 dicendis
609 2748 660 2808 fiet
674 2749 872 2810 manifestum.
896 2741 901 2754 '

364 2846 414 2906 Ad
429 2855 608 2924 argumenta
622 2845 803 2907 invenienda
817 2846 887 2906 libri
900 2847 1066 2924 topiaoruut,
1082 2844 1131 2905 vel
1145 2844 1278 2906 locomm
1295 2863 1423 2904 commu·

323 2945 415 3016 nium,
430 2943 617 3015 ordinantur,
639 2942 947 3022 quibus·Aristoteles
971 2942 1144 3003 methodum
1170 2941 1341 3025 inveniendi
1363 2961 1421 3001 non

324 3042 410 3114 modo
438 3050 616 3119 argumente
644 3039 801 3113 debebo,
823 3040 875 3101 sed
902 3049 933 3100 et
959 3035 1182 3100 demmtratloa
1208 3037 1421 3118 suppeditavit,

322 3161 412 3219 quem
427 3138 536 3218 agendi
551 3139 695 3198 rationem
711 3148 742 3198 et
755 3159 808 3198 nos
821 3131 1040 3218 persequemur.
1187 3187 1190 3195 .

363 3237 429 3299 278.
473 3235 529 3296 mr
542 3236 644 3314 itaque
658 3236 760 3309 laam,
776 3246 809 3295 ut
829 3234 934 3295 Cicero
948 3234 1036 3294 illum
1049 3233 1207 3296 describit:
1230 3231 1422 3310 “Arpuareati
1536 3257 1537 3308 p

322 3334 426 3394 redes.”
468 3333 514 3394 Ut
533 3333 622 3404 enim,
638 3332 700 3410 ipse
720 3332 772 3404 ait,
787 3351 987 3410 rerumquae
1007 3329 1199 3391 absconditae
1211 3337 1291 3400 sunt,
1305 3328 1423 3388 demon·

322 3441 415 3492 strato
436 3441 465 3490 et
489 3439 592 3490 notaui
617 3428 691 3503 loeo,
705 3429 802 3489 facilis
825 3439 870 3489 cst
893 3428 1046 3500 inventio:
1066 3428 1118 3500 sic,
1132 3447 1199 3487 cum
1227 3425 1423 3506 pervestigare

324 3525 460 3587 volumus
471 3535 692 3604 argumentum,
703 3523 782 3585 locos
792 3544 877 3584 nosse
886 3523 1036 3584 debemus.
1078 3521 1130 3582 Ab
1141 3512 1304 3582 Aristotele
1313 3521 1422 3581 dicitm
1536 3585 1537 3588 Ἴ

323 3625 488 3684 matum
500 3645 509 3682 .·
523 3623 596 3702 quia
606 3621 724 3683 tamem
737 3620 866 3700 simplex
881 3623 915 3680 iu
927 3641 965 3692 se,
977 3619 1141 3680 multorum
1156 3631 1256 3678 tamen
1268 3637 1423 3696 argumen-
1536 3629 1537 3698 q

323 3733 420 3781 torum
446 3719 529 3798 origo
550 3727 646 3780 estet
667 3717 796 3779 initium.
838 3717 965 3778 Definiri
989 3726 1085 3796 potest
1107 3737 1174 3776 cum
1199 3714 1343 3776 Boethio:
1364 3714 1422 3784 “id
1536 3703 1537 3718 ¹

323 3815 446 3876 undead
455 3815 637 3895 propositam
645 3815 849 3894 quaestionem
857 3811 1422 3892 eonvenienstrahiturargumentum.”
1536 3883 1537 3892 .

325 3911 379 3972 Est
399 3921 499 3972 autem
523 3911 654 3991 duplex:
681 3911 822 3984 Maxima,
845 3920 875 3972 et
897 3911 1076 3990 lbfferealia
1097 3913 1248 3970 maximae.
1294 3909 1424 3970 llaebaa

323 4019 381 4069 est:
415 4009 596 4088 “propositio
615 4030 672 4087 per
689 4031 718 4070 ee
742 4020 814 4070 nota
834 4009 923 4070 fidem
948 4010 1016 4071 eliis
1035 4009 1302 4071 subministrans:”
1327 4021 1423 4090 potest

323 4115 423 4166 autem
444 4125 506 4166 esse
521 4104 569 4166 vel
582 4106 753 4180 massaria,
766 4116 801 4167 nt
822 4107 896 4167 ieta:
918 4109 985 4166 “etti
1006 4128 1066 4167 aaa
1079 4111 1209 4167 meruit
1221 4106 1360 4186 dabaite'o,
1373 4127 1423 4167 aer

323 4201 473 4282 definiturus
494 4202 660 4263 mama?
682 4201 730 4264 vel
748 4203 919 4282 probabilis,
937 4213 972 4264 ut
994 4204 1069 4276 ista:
1089 4205 1184 4265 “illud
1205 4223 1303 4265 uerum
1327 4211 1365 4266 ecl
1389 4205 1425 4266 de

280 4321 287 4343 ·
325 4297 1350 4381 abquataquodqffimalurdeilleabbit,quit'aamaporitss'
1386 4301 1427 4362 E:
