3118 4956
216 429 218 432 ’
318 461 375 521 rsa
811 461 931 540 natea.

359 654 461 734 “Ergo
475 675 576 716 omnes
590 654 729 734 planetae
740 665 923 716 mutuantur
936 655 1038 716 lumen
1052 675 1071 716 a
1084 653 1181 716 Sole.’'

317 752 457 813 Inductio
480 762 580 812 autem
594 753 651 813 erit
675 753 852 832 incompleta,
868 757 954 814 “cum
969 753 1006 814 de
1020 751 1151 832 subjecto
1174 752 1338 813 universali
1352 771 1421 812 uou-

258 858 260 862 ‘
321 850 470 911 cludimus
484 849 524 923 id,
539 849 620 928 quod
634 849 671 911 de
684 851 781 910 multis
795 851 856 930 ejus
871 849 1061 911 inferioribus
1081 850 1253 929 singillatim
1267 849 1419 910 affirmau-

317 948 399 1019 dum,
414 946 461 1007 vel
474 946 643 1024 negandum
659 966 719 1007 csse
733 947 927 1026 cognovimus
937 947 959 1007 :'’
982 956 1015 1008 ut
1029 967 1057 1008 v.
1072 969 1100 1022 g.

359 1042 492 1122 “Corpus
506 1063 525 1100 a
539 1052 582 1103 sst
595 1063 705 1122 grave3
726 1043 797 1103 item
813 1043 838 1103 b.
854 1063 875 1103 c.
891 1043 940 1104 d.”

358 1141 460 1222 “Ergo
474 1161 561 1202 omne
576 1163 682 1222 corpus
695 1153 739 1202 est
752 1143 872 1221 grave.''

316 1239 362 1301 uf.
377 1239 539 1318 Tongiorgi
555 1239 574 1298 l.
589 1238 647 1300 IV.
662 1259 686 1300 o.
702 1239 728 1299 2.
743 1260 770 1300 a.
786 1239 812 1300 6.

359 1335 510 1412 Quoniam
527 1335 699 1395 omneshae
719 1335 992 1414 argumentationes
1002 1334 1041 1394 ad
1055 1333 1262 1414 syllogismum
1279 1351 1421 1403 revocan-

318 1442 376 1506 tur,
392 1440 426 1492 ut
440 1452 510 1492 mox
535 1431 643 1504 dicam,
657 1431 728 1491 hinc
742 1431 780 1490 de
800 1430 973 1510 syllogismo
997 1429 1082 1490 nobis
1104 1429 1288 1510 loquendum
1302 1429 1369 1500 erit,
1384 1428 1422 1487 de

319 1551 379 1609 quo
393 1528 580 1608 inquirimus,
594 1527 741 1588 distinctis
755 1527 907 1597 articulis;

360 1625 564 1686 Primo—An
577 1625 616 1684 sit
629 1621 884 1704 praestantissima
897 1624 1128 1704 argumentandi
1143 1624 1261 1684 forms?

358 1721 706 1799 Secundo-Quomodo
720 1723 936 1802 componatur?

358 1817 688 1898 Tertio-Quotuplex
701 1819 760 1879 sit?

360 1914 718 1994 Quarto-Quibusnam
734 1915 910 1996 subjiciatur
924 1915 1061 1995 legibus?

361 2013 686 2092 Quinto—Quaenam
711 2023 741 2074 st
764 2024 837 2093 quot
861 2013 922 2074 siut
945 2012 1117 2093 Syllogismi
1143 2012 1266 2092 figurae,
1291 1997 1323 2072 ct
1347 2033 1423 2092 quas

319 2112 451 2172 habeant
475 2111 571 2190 leges:
594 2111 727 2187 Quinam
743 2120 774 2171 et
794 2123 868 2191 quot
888 2111 949 2172 sint
964 2110 1115 2189 possibiles
1129 2108 1296 2189 syllogismi
1311 2108 1425 2188 ,ruodi3

319 2209 442 2287 quinam
457 2227 495 2269 ex
510 2207 556 2267 his
569 2207 629 2268 sint
644 2207 731 2268 utiles
745 2208 784 2268 ad
799 2207 1046 2268 concludendum.

719 2495 970 2559 ARTICULUS
991 2496 1017 2556 I.

615 2711 661 2754 na
674 2709 903 2753 assurinrm
917 2709 1122 2753 srunoorsnfl.

361 2885 435 2947 Fuit
447 2885 608 2965 singularis
622 2886 769 2948 sententia
792 2885 907 2947 Baooui
921 2907 940 2947 a
966 2885 1143 2947 Verulamio
1158 2884 1232 2964 (viri
1246 2885 1418 2964 ceteroquin

322 2983 439 3061 eximii)
455 2983 660 3064 syllogismum
676 2983 893 3044 eliminandum
908 3004 969 3045 asse
983 3004 1001 3044 a
1014 2983 1153 3056 scientiis,
1168 2982 1341 3044 inductione
1355 2981 1422 3044 loco

322 3081 414 3160 ipsius
441 3079 571 3140 suffecta.
613 3079 712 3160 Traoy
737 3089 837 3141 autem
862 3079 1048 3141 existimavit
1072 3079 1192 3140 unicam
1221 3079 1421 3140 ratiocinandi

322 3179 460 3250 formam,
474 3177 512 3237 ad
527 3197 617 3256 quam
629 3177 692 3256 ipse
702 3175 892 3256 syllogismus
906 3176 1040 3240 revocari
1051 3175 1148 3248 debet,
1162 3175 1259 3237 Sorite
1270 3176 1427 3238 contineri.

324 3275 438 3336 Contra
451 3274 504 3336 hos

364 3467 684 3548 Meo-Syllogimnus
698 3475 736 3529 est
744 3468 952 3548 perfectissima
966 3469 1226 3548 argumentationes
1239 3467 1348 3546 soram.

364 3661 517 3746 Probatur
538 3664 943 3746 1.—·Argumentatio,quae
964 3665 1146 3727 adamussim
1161 3664 1306 3745 exprimit
1325 3663 1429 3725 Ratio·

324 3760 505 3832 antumant
527 3761 747 3840 perfectissima
789 3763 886 3842 Atqui
909 3763 1104 3843 Sollogismus
1126 3761 1306 3824 adamussim
1331 3761 1428 3840 expri-

325 3859 380 3919 mit
403 3858 617 3920 Ratiociuium.
659 3859 743 3940 Ergo
764 3859 963 3940 syllogismus
977 3871 1021 3921 est
1044 3859 1259 3940 perlectissima
1272 3877 1428 3938 argumen-

325 3958 407 4019 tatio.
1357 3977 1360 3982 ·

366 4055 434 4114 228.
475 4053 579 4114 Prima
607 4054 768 4133 propositio
793 4064 837 4115 ast
860 4054 989 4116 evidens.
1031 4053 1169 4115 Secunda
1194 4073 1231 4114 ex
1256 4052 1427 4113 definitione

328 4151 490 4214 Ratiocinii
518 4161 548 4212 et
581 4149 754 4230 Syllogismi
782 4151 947 4213 iunotmcit.
990 4137 1196 4213 Ratiocinium
1225 4149 1304 4210 euim
1334 4148 1428 4210 tribus

325 4256 440 4310 constat
458 4247 590 4328 judiciis,
604 4269 732 4328 quorum
747 4244 830 4310 tertii
843 4239 868 4309 ir
885 4249 950 4311 ideo
974 4249 1046 4330 proi
1045 4302 1049 4308 .
1058 4259 1132 4322 rtur,
1148 4249 1219 4328 quia
1233 4247 1312 4310 duae
1334 4249 1426 4310 notio

325 4367 385 4419 nes,
405 4345 514 4424 quibus
539 4346 738 4426 componitur,
757 4368 848 4426 comr-
900 4356 939 4408 'tc
963 4368 1030 4408 oum
1058 4367 1117 4408 stus
1143 4347 1307 4426 eademque
1332 4347 1427 4427 tertia,
