3118 4956
335 409 393 468 262
831 409 949 488 Lopioa.

331 602 479 681 agendum
503 605 589 666 nobis
603 605 669 678 erit,
683 625 776 684 quum
792 603 828 664 dc
850 605 1040 664 Auctoritatis
1069 604 1190 666 oritura
1216 606 1433 678 tractabimus;
1540 623 1541 648 ³

334 699 381 758 hic
404 709 522 760 tantum
545 701 635 780 hujus
657 701 715 762 loci
742 701 943 778 (auctoritatis
956 721 1003 761 sc:
1027 701 1189 780 humanae)
1205 723 1290 762 usum
1307 703 1434 775 tradam,

333 807 488 876 postquam
505 819 596 858 unum
614 798 661 858 vel
677 797 807 858 alterum
823 796 1039 858 annotaverim.

371 894 478 975 Itaque
489 897 518 956 in
531 896 723 957 Auctoritato
733 895 867 956 humana
877 894 938 956 duo
949 907 1019 956 sunt
1029 895 1253 957 consideranda.
1296 897 1433 957 Primum

331 993 605 1072 estuatitia,quan1
621 992 711 1053 habet
725 993 807 1052 tastis
822 992 859 1052 de
882 992 978 1066 rebus,
993 1013 1067 1072 quas
1089 1003 1216 1053 testatur
1232 993 1320 1071 (haec
1333 1003 1434 1054 autern

331 1089 438 1148 notitia
453 1089 502 1149 vel
524 1091 653 1163 scicntia,
667 1090 691 1150 si
706 1090 743 1150 de
764 1089 964 1168 dogmatibus,
980 1090 1028 1150 vel
1050 1093 1235 1168 emorientis,
1249 1092 1274 1150 si
1288 1092 1325 1151 de
1346 1079 1434 1152 factis

331 1195 373 1245 est·
383 1205 490 1259 sermo,
502 1188 702 1265 continetur):
724 1187 886 1247 secuudum
895 1199 946 1247 'est
959 1191 1097 1246 veracitas
1111 1188 1254 1248 testantis.
1298 1187 1434 1248 Primum
1540 1183 1541 1240 Ϊ

331 1282 405 1342 facit
433 1292 467 1343 ut
488 1283 637 1358 sciantur,
666 1283 714 1343 val
743 1292 970 1362 cognoscantur,
993 1303 1069 1362 quae
1090 1283 1248 1344 dicuntur:
1270 1285 1434 1344 secundum

332 1400 409 1453 vero,
425 1391 459 1441 ut
472 1381 511 1441 sit
531 1382 725 1442 conformitas
739 1381 818 1441 inter
832 1381 1029 1461 cognitionem
1045 1392 1074 1441 et
1096 1379 1285 1444 locutionem.
1326 1383 1358 1444 Si
1373 1385 1434 1444 duo
1540 1429 1541 1466 3

332 1477 404 1536 haec
418 1477 536 1550 adsunt,
552 1478 633 1539 tastis
648 1476 739 1538 habet
753 1479 948 1538 auctoritatam
961 1498 1011 1537 scu
1027 1478 1135 1557 dignus
1150 1491 1201 1551 cst,
1217 1480 1266 1540 cui
1280 1501 1430 1540 assensum
1540 1471 1541 1474 ¹

333 1585 519 1654 praestemus,
540 1597 587 1636 sc:
609 1575 934 1655 credamus—Insopor
962 1574 1087 1635 observa
1111 1576 1235 1635 maximi
1250 1575 1430 1656 {faciendum
1540 1581 1541 1588 ’

331 1677 391 1732 asse
412 1673 614 1732 testimonium
635 1693 746 1744 corum,
762 1672 813 1752 qni
828 1671 946 1734 tametsi
961 1671 1117 1732 veritatem
1133 1692 1168 1731 ac
1184 1673 1324 1732 virtutem
1341 1673 1435 1733 insac-

332 1780 443 1843 tantur,
465 1769 591 1830 veritatc
618 1780 717 1829 tamon
747 1769 812 1848 ipsa
839 1769 1068 1841 conaturum
1098 1769 1300 1829 testimonium
1329 1779 1435 1830 contra
1540 1787 1541 1804 ¹

331 1865 440 1944 seipsos
462 1865 689 1946 serapt-Item
714 1875 891 1945 argumenta
914 1885 951 1924 cx
974 1866 1153 1925 auctoritate
1175 1866 1308 1926 humana
1322 1887 1357 1926 eo
1370 1888 1432 1926 asse

324 1962 470 2042 firmiora,
484 1983 544 2042 quo
557 1963 665 2042 majori
679 1964 849 2043 antiquitate
872 1961 1000 2041 probata
1013 1974 1102 2022 sunt:
1124 1963 1203 2042 quod
1219 1963 1297 2023 enirn
1322 1963 1432 2024 falsum
1540 1997 1541 2020 r

331 2070 374 2120 ost
388 2061 509 2121 tandem
521 2060 684 2141 aliquando
699 2060 835 2140 proditur
846 2081 881 2120 ac
892 2060 1050 2138 detegitur,
1064 2061 1172 2120 vertas
1184 2071 1284 2122 autam
1299 2071 1434 2140 ternpore

332 2157 526 2219 confirmatur
540 2179 575 2218 ao
590 2157 755 2218 roboratur.
1540 2163 1541 2176 ¹

290 2330 293 2336 Ι
374 2253 424 2312 Ad
437 2254 526 2334 hujus
540 2255 594 2314 Ioci
607 2275 690 2314 usum
704 2255 784 2334 quod
795 2255 911 2327 attinet,
924 2255 996 2314 haec
1011 2255 1209 2334 pronunciata
1223 2267 1339 2334 praesto
1352 2269 1431 2316 sunt.
1540 2251 1541 2316 J

383 2465 407 2526 1.
419 2466 515 2545 -(Iu
528 2487 585 2527 aaa
607 2466 770 2540 Vertacum,
784 2467 929 2548 aequanda
939 2475 978 2528 ast
1000 2467 1086 2546 Vulpi
1098 2465 1279 2526 consuetudo.

269 2668 273 2674 ’
374 2677 515 2751 II.-(Iu
529 2674 671 2739 nantoatis
677 2679 813 2758 serenda,
820 2679 970 2758 judicium
984 2679 1155 2756 sapientum.

533 2977 625 3030 tatum
635 2991 693 3048 pro
703 2970 828 3030 rudibus
837 2989 941 3048 amma
951 2977 999 3040 ast,
1009 2969 1058 3027 oui
1068 2969 1184 3028 manino
1196 2989 1214 3026 α
1269 2965 1432 3026 amaatdum

532 3053 590 3121 ait,·
606 3071 663 3128 pro
678 3051 766 3110 doctis
779 3045 879 3110 vernat
893 3049 1025 3121 enudatio,
1036 3050 1087 3108 etsi
1096 3068 1184 3126 praua
1193 3046 1230 3106 aa
1251 3053 1296 3106 aot
1304 3045 1433 3124 pondua,

534 2890 574 2950 lu
587 2911 619 2950 aa
631 2891 786 2970 scientifica
799 2891 991 2950 testimouium
1004 2889 1167 2966 sapientum
1181 2893 1208 2946 et
1220 2889 1254 2946 iu
1268 2891 1330 2980 quta
1350 2887 1432 2963 peri-

382 3011 484 3073 111.-
499 2891 524 3206 [

533 3139 628 3190 tamen
642 3131 751 3190 rationi
764 3130 845 3190 cedit.

517 3344 520 3349 ’
533 3342 573 3402 Iu
588 3342 701 3420 rosanti
714 3342 870 3401 auctoritas
882 3343 1042 3419 pancratius
1055 3342 1191 3418 irupacta,
1206 3339 1257 3398 atsi
1266 3338 1357 3416 pleno
1370 3357 1431 3396 uon
1540 3319 1541 3340 ¹

383 3348 578 3580 1V.—{sa‚
599 3421 701 3482 haberi
721 3421 810 3494 debet,
824 3429 857 3480 ut
876 3442 979 3480 uocata
1000 3419 1207 3498 approbatione
1228 3418 1330 3496 dipsas,
1344 3437 1432 3497 qrraaa

533 3505 567 3562 ia
580 3502 747 3581 judicando
762 3508 788 3561 et
802 3499 948 3580 operando
962 3521 1123 3580 aequamur.

374 3717 439 3776 298.
484 3715 585 3795 Atque
600 3714 723 3776 hauoda
744 3715 828 3774 Locis
842 3715 942 3792 topicis
955 3713 1015 3774 sint
1028 3712 1107 3773 satis.
1150 3710 1239 3771 Duae
1253 3707 1434 3788 aliaequae·

333 3814 440 3874 stiones
462 3811 623 3872 solvendae
646 3811 709 3871 heic
724 3819 819 3870 assem
832 3831 879 3870 so:
902 3808 1129 3886 I.—Quornod0
1153 3807 1351 3887 pronunciata
1373 3805 1433 3864 huo

333 3931 426 3990 usquo
447 3908 583 3988 exposita
607 3907 789 3987 applicanda
803 3919 899 3968 assent
921 3907 952 3966 in
967 3907 1138 3986 quaostionc
1159 3925 1220 3965 nou
1244 3903 1383 3975 absoluta,
1397 3901 1435 3962 da

336 4029 396 4087 qua
411 4007 475 4086 jam
491 4007 615 4084 egimus,
630 4005 679 4066 scd
695 4013 861 4085 commorata
875 4005 1038 4066 solvenda:
1060 4003 1263 4082 quaestionem
1278 4001 1437 4062 absolutam

333 4105 452 4185 appello
480 4103 575 4175 illam,
589 4124 649 4183 qua
672 4103 839 4182 amplicator
862 4103 1025 4182 quaeritur,
1045 4105 1102 4160 “an
1128 4099 1334 4179 praedicatum
1363 4097 1435 4158 dato

333 4202 426 4281 aliqui
446 4201 579 4280 subjecto
601 4199 797 4261 conveniat?”
819 4205 1014 4278 conparatum
1036 4217 1106 4258 vero
1128 4195 1224 4269 illam,
1238 4216 1299 4275 qua
1320 4193 1437 4274 quaeri·
1540 4257 1541 4296 ἦ

334 4315 399 4360 tur:
432 4305 488 4360 “an
515 4299 720 4380 praedicatum
745 4300 847 4376 mapsa,
875 4295 923 4358 vel
948 4297 1054 4369 miuus,
1083 4294 1129 4355 vei
1155 4293 1314 4373 aequaliter
1341 4290 1435 4351 alicui
1540 4303 1541 4306 ’
