3358 4952
500 439 546 500 Dc
567 440 672 500 Prinna
687 440 796 501 Meritis
816 441 997 520 Operatione.
1260 439 1299 498 85

193 633 332 696 “Vivens
361 635 646 712 morietur’'=“Qui
675 635 760 708 vivit,
785 646 839 696 aut
865 637 954 708 vivet,
984 635 1154 696 morietur.”
1197 633 1298 694 111.-

191 721 317 792 “Natus'
326 732 610 808 morietur’'=“Qui
624 743 712 794 uatus
721 740 773 806 est,
782 742 834 793 aut
849 734 981 793 nascitur
996 753 1083 806 nuuc,
1094 743 1148 793 arnt
1162 741 1300 791 nuscetur

201 829 312 901 adhuc,
328 829 498 889 morietur.'’
540 829 764 891 IV.—“Omnie
786 829 875 890 homo
896 830 1090 901 estauima13
1112 843 1155 889 est
1170 827 1299 888 risibile”

197 926 363 986 =“Omuis
377 927 475 999 homo,
490 928 541 1006 qui
556 938 608 1000 est,
622 938 677 988 aut
691 928 758 1001 fuit,
773 937 827 988 aut
840 928 905 999 erit,
921 940 974 988 aut
988 949 1049 987 esse
1065 939 1167 1006 potest,
1179 937 1222 986 est
1236 926 1298 986 ani·

202 1023 280 1083 nial:
302 1033 346 1083 est
361 1023 633 1084 risibilis'’-Illud
649 1045 742 1084 uuum
757 1024 892 1097 observa,
908 1025 986 1102 quod
1002 1045 1038 1084 ex
1054 1024 1192 1083 adductis
1201 1043 1299 1082 exem-

200 1119 258 1198 plis
281 1120 420 1199 colligere
443 1131 533 1199 potes,
562 1141 669 1181 nomen
691 1142 738 1181 so:
768 1121 848 1200 quod
870 1121 1035 1200 nrrrpliatur
1065 1141 1180 1199 ¹semper
1202 1121 1297 1198 accipi

196 1217 364 1296 ‹lr'rpunrtlrn
380 1231 511 1296 respectu
527 1218 634 1278 harum
650 1218 884 1278 differentiarum
900 1241 964 1289 eoae,
973 1219 1156 1295 farfarasorc,
1171 1229 1201 1278 et
1216 1239 1299 1296 possa

195 1315 349 1382 casa-sive
375 1313 532 1392 ampliatio
555 1335 586 1374 se
610 1313 754 1374 extendat
778 1314 816 1374 ad
841 1313 925 1385 doru,
940 1313 1012 1372 ..eive
1027 1314 1064 1372 ad
1093 1314 1234 1384 tressive
1259 1313 1297 1372 ad

194 1429 304 1469 omnes.
350 1409 427 1469 Dico
450 1419 581 1489 respectu
606 1410 709 1470 taram
733 1410 984 1489 diffmntiarcrm
1006 1431 1074 1469 unm
1099 1421 1230 1488 respectu
1257 1431 1299 1470 re·

196 1525 274 1576 rum,
290 1525 343 1583 pro
357 1505 466 1584 quibus
487 1505 643 1585 accipitur,
658 1516 754 1585 potest
775 1506 869 1584 accipi
885 1506 1051 1584 copulative,
1065 1507 1227 1584 capuana,
1242 1507 1299 1566 aar·

186 1601 326 1678 ,protractioa
343 1601 387 1661 vel
405 1602 471 1661 aliis
487 1603 588 1663 modis

239 1696 583 1774 Quaeres-Quomodo
597 1701 731 1778 dignosci
746 1709 843 1780 potest
857 1700 1051 1760 terminorum
1070 1703 1128 1758 Am
1134 1699 1257 1779 pliatiol

237 1793 565 1872 Respondes-Multa
588 1796 750 1856 truduntur
771 1788 950 1857 documcntu¹
974 1801 1023 1874 (ut
1046 1796 1146 1856 videre
1159 1807 1202 1856 est
1216 1797 1296 1875 apud

198 1889 339 1962 Fonseca,
355 1889 403 1950 De
424 1891 594 1952 Benedictis
608 1903 638 1953 ct
651 1893 749 1968 alios).
792 1893 895 1954 Unum
913 1905 1028 1954 turtum
1046 1894 1203 1972 proferam,
1218 1895 1295 1974 quod

199 1988 331 2046 maxime
346 1989 541 2048 necessarium
556 1999 607 2049 est.
651 1989 706 2050 Est
721 2000 820 2050 autem
836 1991 1014 2070 hujusmodi.

240 2085 306 2144 107.
349 2085 480 2144 Termini
493 2086 727 2164 propositionum
743 2089 979 2159 neceaoarlnrurn,
991 2087 1046 2146 nisi
1061 2086 1176 2166 aliquid
1191 2087 1296 2161 obstet,

195 2193 267 2240 sunt
279 2175 336 2258 per'
345 2203 374 2240 ee
388 2181 553 2260 accipiendi
568 2182 648 2260 quod
662 2184 819 2242 maalmam
833 2185 1050 2261 ampliationem
1064 2185 1081 2245 i.
1098 2207 1122 2246 e.
1138 2205 1191 2264 pro
1206 2185 1298 2243 omui·

197 2275 252 2335 bus
267 2278 388 2336 omnino
403 2277 490 2337 rebus
503 2277 566 2338 sive
588 2277 784 2338 existentibus
797 2279 860 2338 sive
884 2279 1080 2357 possibilibus,
1095 2302 1169 2360 quas
1189 2280 1298 2358 signifi·
1377 2333 1379 2338 s

190 2381 275 2434 'caut
319 2373 439 2435 Dicitur
453 2374 615 2454 propositio
629 2376 789 2434 anemurio
803 2375 866 2448 illa,
880 2377 966 2454 'cujus
987 2377 1190 2454 praedicatum
1207 2397 1298 2436 enun-

196 2472 258 2531 ciat
272 2471 318 2532 vel
335 2472 484 2532 necatio-m
497 2471 622 2550 subjecti
635 2473 712 2550 (sive
725 2473 799 2533 haec
813 2472 961 2552 completa
972 2475 1011 2532 sit
1024 2474 1086 2534 sive
1100 2473 1296 2552 incompleta)

196 2568 243 2628 vel
259 2569 321 2647 ejus
338 2571 500 2647 proprium.
543 2567 583 2630 V.
598 2589 625 2648 g.
641 2589 708 2628 cum
724 2569 808 2628 dico:
830 2569 926 2630 Homo
947 2577 985 2629 eat
1006 2571 1120 2630 aunrral
1138 2570 1296 2630 rationale:

195 2665 276 2726 lemno
291 2672 330 2724 cat
351 2667 482 2725 annual:
503 2665 583 2726 lromo
606 2673 646 2726 at
666 2666 794 2726 risibalic.
838 2667 990 2743 Quoniam
1015 2689 1084 2728 vero
1106 2668 1232 2728 essentia
1254 2681 1297 2729 est

196 2759 237 2833 id,
252 2781 307 2840 qno
320 2781 365 2820 ree
379 2767 418 2820 eet
431 2761 472 2832 ut,
488 2761 564 2841 qarocl
578 2769 634 2822 cat:
655 2771 685 2822 ct
698 2763 853 2841 proprium
877 2765 1033 2824 neonaarta
1054 2764 1243 2842 consequitur
1257 2784 1298 2824 es·

194 2857 341 2929 sentiam;
364 2857 428 2934 (nn.
444 2857 491 2916 42.
507 2858 570 2936 45.)
587 2856 697 2918 idcirco
719 2856 899 2938 ubicumque
912 2868 942 2918 et
956 2859 986 2918 in
1008 2880 1196 2939 quacumque
1217 2859 1297 2921 diffe-

196 2953 292 3013 rentia
307 2954 446 3032 temporis
460 2963 489 3014 et
503 2954 534 3013 in
555 2951 743 3033 quocumque
756 2963 836 3015 statu
853 2955 999 3034 reperitur
1019 2955 1193 3035 subjectum,
1209 2957 1297 3018 debet

195 3051 317 3129 reperiri
332 3049 407 3110 illud
431 3051 652 3130 praedicatum:
674 3072 757 3112 secus
778 3052 858 3112 idem
880 3052 969 3112 simul
992 3063 1065 3114 essct
1079 3063 1108 3114 ct
1130 3075 1188 3115 nou
1203 3065 1296 3128 essem

195 3147 274 3224 quod
290 3146 426 3225 equidem
443 3157 597 3226 repugnat
641 3147 846 3224 Quamobrem
861 3147 932 3208 illae
946 3150 1160 3228 propositiones
1174 3171 1296 3230 sequen-

195 3243 276 3303 tibus
298 3243 506 3322 aequivalent:
528 3243 633 3318 Homo,
648 3245 699 3325 qni
718 3246 784 3320 luit,
797 3247 842 3305 oel
853 3253 900 3318 est,
914 3247 958 3306 ool
978 3248 1040 3320 erit,
1054 3247 1098 3307 ool
1118 3269 1174 3308 ecoe
1192 3256 1297 3326 pateat,
1364 3263 1370 3276 ·

195 3348 234 3398 ost
248 3341 361 3400 animal
369 3343 534 3401 :-aalrual
548 3343 691 3412 rationale
702 3343 880 3403 :ainhun

238 3437 302 3497 108.
346 3437 476 3497 Demnm
505 3437 630 3498 observa
654 3438 708 3498 has
730 3439 925 3518 proprietates
944 3441 1139 3502 terminorum
1159 3461 1206 3514 sc,
1227 3441 1292 3502 Sta·

197 3546 271 3607 tum,
294 3533 538 3608 Distractioucm,
561 3535 797 3614 Ampliationem
821 3557 880 3624 non
905 3537 1008 3597 eodem
1029 3537 1117 3598 modo
1138 3538 1292 3618 explicari,

194 3633 315 3710 quaudo
337 3633 482 3694 terminus
496 3643 539 3694 est
561 3634 713 3705 obsolentia,
727 3644 757 3694 et
779 3636 899 3714 quando
920 3637 1064 3698 terminus
1078 3649 1122 3698 est
1143 3643 1297 3700 macalati·

195 3751 252 3789 rna.
295 3729 437 3791 Diximus
459 3731 582 3790 enimin
608 3733 734 3792 termino
748 3733 874 3793 absoluto
888 3733 1049 3812 significari
1064 3735 1166 3795 diserte
1186 3737 1297 3817 subjec-

196 3837 268 3899 tum,
283 3827 314 3885 iu
329 3829 456 3888 termino
468 3849 538 3886 vero
549 3831 725 3888 oorrnotntioo
741 3830 902 3908 significari
918 3831 1043 3890 formam
1059 3831 1170 3905 diserte,
1182 3834 1297 3896 abactae

194 3933 294 3984 autern
318 3927 470 3985 connotrui
494 3925 670 4005 subjectum,
686 3928 734 3986 cui
758 3929 854 3986 forma
877 3927 951 3988 inest
967 3930 1009 4004 (u.
1032 3929 1094 4005 27).
1137 3930 1296 4007 Quocirca,

193 4019 335 4098 quoniam
352 4020 509 4082 relativum
535 4042 697 4100 pronomen
712 4023 751 4082 ad
774 4023 945 4102 subjectum
964 4027 1099 4098 retertur,
1113 4025 1184 4086 hinc
1198 4029 1297 4088 termi-

90 4145 93 4154 Δ
195 4138 249 4178 uns
271 4117 427 4179 absolutus
443 4119 671 4196 praeponantur
693 4128 736 4179 est
757 4120 924 4198 pronomini
946 4120 1072 4183 relativo
1095 4122 1220 4184 verbum
1234 4147 1297 4186 oum.

193 4239 229 4290 ea,
258 4224 297 4276 est
325 4217 455 4295 regenti;
490 4217 634 4277 terminus
663 4237 732 4277 vero
760 4217 969 4278 connotativus
996 4228 1040 4279 est
1068 4222 1291 4299 postponendam

193 4316 250 4388 Sic,
266 4314 390 4394 prolatis
411 4314 528 4375 duabus
549 4315 596 4374 his
616 4313 884 4387 enunciationibus,
906 4313 1002 4374 Honw
1016 4314 1148 4386 durarit·
1169 4315 1297 4380 Pltlloao-
