3172 4950
490 459 538 520 De
558 459 662 520 Prima
676 459 785 520 Mentis
805 459 987 538 Operatione.
1251 454 1287 514 37

187 673 290 734 modus
305 671 464 750 multiplex
479 683 531 744 est,
547 671 633 732 varia
645 691 763 750 quoque
773 679 844 731 suut
857 669 1032 742 accidentia,
1043 688 1121 747 quae
1135 675 1234 728 tamen
1249 665 1287 725 ad

184 791 291 830 novem
314 768 419 829 classes
442 781 629 828 revocantur.
672 767 755 828 Cave
786 777 886 827 tamen
909 785 946 826 ne
968 764 1135 826 confundas
1150 763 1287 824 accidens

184 853 448 946 praedicamentclc
458 885 527 926 cum
542 865 690 926 accidenti
710 861 917 942 praedicabili.
957 856 1091 922 Tametsi
1106 861 1186 921 enim
1200 860 1289 920 ambo

191 965 220 1023 in
235 963 337 1042 aliquo
352 961 542 1034 conveniant,
557 962 589 1020 in
605 961 665 1021 alio
680 971 780 1021 tamen
795 959 836 1020 ab
850 960 978 1020 invicem
994 958 1172 1037 discrepant
1214 957 1289 1017 Con-

186 1060 311 1120 veniunt
325 1060 355 1118 in
371 1079 416 1131 eo,
431 1059 511 1138 quod
534 1069 696 1137 utrumque
710 1057 856 1138 exprimit
879 1077 951 1130 rem,
966 1057 1015 1116 cui
1038 1057 1168 1134 competit
1188 1074 1244 1114 esse
1258 1053 1288 1112 in

185 1155 245 1216 alio
259 1175 289 1228 sc
302 1177 308 1215 ε
323 1155 453 1234 mbjorto.
496 1154 650 1216 Differ-unt
664 1175 734 1215 vero
750 1155 780 1214 in
796 1175 839 1229 eo,
855 1154 935 1234 quod
957 1154 1088 1234 primum
1103 1173 1150 1213 sc:
1166 1151 1289 1230 Cetego

186 1255 281 1322 ricum
304 1254 429 1314 denotat
443 1254 473 1313 id
488 1254 568 1333 quod
584 1255 745 1333 opponitur
759 1255 812 1327 rei,
827 1274 904 1334 quac
918 1263 963 1314 est
976 1253 1007 1312 in
1022 1273 1062 1325 se,
1076 1271 1125 1312 sc:
1147 1247 1290 1311 Substan-

184 1353 264 1425 tiae;
286 1353 450 1413 secundum
461 1333 513 1412 sc:
536 1353 745 1432 praedicabile,
760 1354 885 1414 denotat
900 1351 976 1413 illud
999 1351 1164 1433 praedicati
1186 1369 1288 1430 genus,

186 1450 266 1530 quod
281 1470 364 1510 mens
386 1449 529 1528 intelligit
550 1449 693 1510 advenire
715 1450 858 1510 essentiae
873 1451 915 1509 rei
936 1450 1002 1528 jam
1025 1448 1212 1521 constitutae,
1226 1447 1289 1508 sive

185 1547 240 1607 hoc
252 1547 292 1606 sit
313 1545 456 1606 Accidens
476 1546 595 1624 Spccs'oi,
609 1546 672 1607 sive
685 1545 725 1606 sit
746 1545 889 1606 Aoctdoo
903 1544 1054 1606 individui
1067 1545 1085 1604 i.
1101 1564 1125 1605 e.
1148 1543 1285 1623 quintum

184 1642 394 1722 praedicabile.
436 1643 481 1704 Of.
498 1643 589 1704 Auct.
605 1663 634 1705 n.
651 1643 697 1704 19.

225 1744 272 1802 55.
315 1742 437 1803 Juverit
451 1742 500 1802 hic
515 1761 552 1802 ex
577 1742 695 1821 integro
721 1741 826 1801 afferre
847 1751 966 1802 textum
988 1739 1018 1800 S.
1033 1738 1167 1800 Thomae
1181 1739 1212 1798 in
1226 1737 1287 1798 III.

185 1838 380 1918 Physicorum
405 1837 470 1898 lect
486 1859 523 1897 v:
545 1847 589 1898 cst
602 1837 681 1898 euim
705 1837 853 1918 sapientia
874 1847 904 1898 et
926 1835 1151 1916 pulchritudine
1173 1835 1287 1916 plenus.

224 1935 307 1994 “Eos
321 1933 469 1995 dividitur
482 1935 513 1993 in
528 1934 630 1994 decem
646 1933 890 2012 praedicamenta
901 1951 960 1994 non
975 1935 1093 1993 univoce
1105 1933 1183 1993 sicut
1195 1951 1288 2012 genus

186 2033 216 2092 in
230 2033 349 2112 species,
363 2031 419 2092 sed'
439 2032 602 2092 secundum
629 2031 772 2091 diaeresim
785 2030 902 2092 modum
917 2029 1036 2090 acardi,
1079 2027 1164 2090 Medi
1187 2037 1286 2090 autem

184 2129 297 2189 essendi
312 2127 550 2207 proportionales
563 2137 635 2188 sunt
648 2127 744 2188 modis
758 2126 970 2206 praedicandi3
992 2125 1194 2206 praedicando
1207 2125 1286 2186 enim

184 2224 299 2304 aliquid
314 2224 351 2284 de
373 2223 475 2303 aliquo
497 2223 601 2296 altero,
616 2223 744 2283 dicimus
766 2221 823 2283 hoc
847 2241 908 2284 esse
932 2221 1027 2295 illud;
1049 2221 1129 2282 unde
1142 2231 1172 2282 et
1185 2221 1285 2282 decem

182 2341 291 2403 genera
312 2321 388 2382 entis
411 2321 554 2382 dicuntur
575 2320 675 2380 decem
699 2319 951 2399 praedicamenta.
994 2317 1166 2398 Triplioitcr
1185 2329 1284 2381 autem

157 2469 163 2480 .
184 2420 218 2481 fit
232 2419 327 2480 omnis
342 2419 534 2499 praedicatio.

222 2515 329 2578 “Unus
354 2514 474 2594 quidem
490 2514 597 2575 modus
609 2524 661 2587 est,
671 2513 798 2593 quaudo
813 2513 850 2575 de
864 2513 966 2593 aliquo
980 2511 1113 2594 subjecto
1135 2513 1287 2593 praedica·

181 2627 232 2676 tur
246 2614 286 2686 id,
300 2613 380 2693 quod
406 2613 535 2692 pertinet
549 2611 587 2672 ad
602 2612 759 2672 essentiam
774 2612 846 2691 ejus,
862 2621 895 2672 ut
909 2631 977 2672 cum
992 2611 1066 2672 dico·
1076 2611 1230 2672 “Socrates
1243 2621 1287 2672 est

182 2710 298 2783 hom0,”
314 2709 362 2770 vel
377 2707 500 2769 “Homo
508 2717 553 2768 est
567 2707 681 2768 animal
692 2708 719 2780 ;'’
733 2708 935 2769 etsscundum
948 2707 1006 2768 hoc
1017 2707 1164 2787 accipitur
1172 2707 1287 2786 praedi·

181 2817 352 2869 cameutum
367 2805 560 2867 Βιώείαηέίαε.
1333 2881 1339 2890 ο

221 2903 330 2964 “Alius
354 2913 455 2964 autem
479 2903 585 2964 modus
601 2895 659 2976 est,
674 2923 733 2981 quo
755 2901 951 2981 praedicatur
972 2900 1011 2962 de
1033 2900 1135 2980 aliquo
1149 2900 1190 2974 id,
1205 2901 1284 2980 quod

182 3023 242 3064 uon
264 3001 361 3062 estde
382 3001 508 3062 mentia
522 3001 593 3079 ejus,
607 3009 708 3060 tamen
733 2999 870 3059 inhaeret
884 2999 932 3072 ei;
953 2997 1034 3077 quod
1057 2998 1177 3078 quidem
1193 2998 1241 3059 vel
1255 3017 1286 3060 se

180 3099 272 3160 habet
293 3121 331 3160 ex
345 3109 432 3179 parte
446 3099 588 3158 materiae
610 3097 744 3177 subjecti,
759 3109 789 3158 et
810 3097 973 3158 secundum
997 3098 1053 3158 lroc
1067 3108 1111 3158 est
1133 3097 1285 3179 praedica-

182 3207 314 3256 mentum
337 3194 534 3272 anotitctis;
556 3214 626 3254 nam
642 3193 794 3273 quantitas
817 3194 936 3274 proprie
959 3194 1153 3272 consequitur
1167 3193 1285 3254 materi-

181 3313 239 3352 am.
347 3293 412 3351 Aut
439 3291 631 3369 consequitur
655 3290 793 3364 formam,
817 3301 847 3350 et
870 3291 912 3350 sic
936 3299 980 3350 ast
1005 3290 1280 3369 praedicamentum

185 3389 360 3466 Quoldctis:
381 3387 504 3447 undeet
519 3385 678 3466 qualitates
699 3386 867 3447 fundantur
880 3405 969 3464 super
983 3386 1192 3466 quantitatem,
1206 3387 1283 3447 siout

181 3485 262 3545 color
277 3485 307 3544 in
330 3483 495 3563 superficie,
512 3494 542 3544 et
564 3483 661 3562 figura
682 3484 712 3542 in
737 3483 823 3543 lineis
838 3484 884 3544 vel
901 3484 930 3542 iu
953 3483 1172 3562 superficiebus,
1216 3485 1282 3545 Aut

180 3603 210 3642 se
225 3581 315 3642 habet
339 3601 391 3660 per
414 3591 578 3659 respectum
601 3580 641 3641 ad
663 3579 801 3654 alterum,
824 3590 854 3641 et
874 3581 916 3641 sic
939 3591 990 3641 est·
1007 3581 1280 3660 praedlcamentum

183 3678 362 3746 Heliconis:
384 3699 452 3738 cum
468 3679 547 3737 enirn
562 3676 630 3738 dico
644 3677 767 3738 “Homo
781 3679 951 3757 aat'pater,''
966 3697 1025 3739 non
1040 3679 1233 3759 praedicatur
1246 3679 1283 3740 de

182 3775 301 3836 homine
323 3775 436 3854 aliquid
460 3775 641 3848 absolutum,
655 3775 706 3836 sed
730 3787 886 3856 respectus,
903 3777 1089 3855 qui-clinest
1103 3777 1143 3839 ad
1158 3778 1280 3858 aliquod

180 3873 389 3934 extrinsecum.

219 3968 356 4036 “Tertius
370 3979 471 4030 autem
487 3969 591 4054 modus
614 3969 806 4050 praedicandi
822 3981 874 4044 cst,
889 3972 1010 4050 quando
1034 3972 1157 4052 aliquod
1171 3974 1283 4034 extrin-

179 4087 278 4127 secum
293 4065 330 4126 dc
344 4065 445 4145 aliquo
467 4067 657 4148 praedicatur
671 4087 724 4148 per
738 4069 860 4130 moduni
875 4070 1002 4152 alicujus
1024 4071 1281 4135 denominationis.

177 4164 227 4224 Sic
240 4164 320 4224 eninr
334 4175 364 4224 et
377 4164 543 4226 accidentia
557 4165 724 4226 extrinseca
738 4165 775 4226 de
789 4167 964 4228 substantiis
975 4157 1206 4248 praedicantum
1221 4189 1279 4231 uon

179 4275 278 4322 tamma
301 4261 437 4346 dicimus,
452 4261 531 4340 quod
553 4262 643 4322 homo
665 4263 704 4323 sit
726 4262 843 4336 albedo,
857 4263 909 4324 scd
933 4265 1117 4344 quod·homo
1132 4267 1171 4328 sit
1184 4266 1279 4328 allrus.

102 4401 107 4412 .
180 4360 374 4420 ,Derrorninari
382 4371 486 4420 cirtem
498 4359 538 4419 ab
549 4359 651 4438 aliquo
661 4361 827 4422 extrinseco
838 4361 991 4423 invenitur
1001 4364 1122 4444 quidem
1137 4363 1280 4444 quodam·
