3118 4956
434 457 479 516 Dc
506 457 601 516 Tertia
623 457 730 517 Meta
756 455 937 534 Operatione.
1174 449 1232 508 265

132 651 297 729 requiritur
311 651 432 729 iusuper
445 651 574 722 adcola,
590 661 623 710 ut
643 659 733 729 patet.
777 649 936 709 Praenotio
949 657 1050 708 autem
1065 643 1230 726 praedicati

132 747 297 807 necessario
322 746 473 825 requisita,
497 757 541 806 est
565 746 636 826 qaid
660 748 787 806 omninis
809 746 932 805 saltem:
968 743 1122 824 praenotio
1152 761 1230 810 vero,

125 841 206 920 φωά
219 845 264 916 sit,
279 842 364 902 nulla
379 842 493 903 ratione
514 843 764 921 praerequiritur:
785 862 868 902 secus
881 842 961 902 enim
976 839 1134 909 conclusio,
1150 850 1232 898 aute·

128 959 222 1017 quam
240 941 393 1011 inferatur,
408 951 649 1018 cognosceretur:
672 939 768 999 “Cum
784 941 863 998 enim
878 959 934 998 esse
948 937 1117 1008 accidentis,
1133 934 1231 1013 inquit

124 1037 159 1096 S.
177 1037 231 1096 Th.
247 1038 286 1097 sit
300 1041 389 1097 inesse
404 1037 574 1116 (subjecto),
591 1037 735 1116 praescire
747 1035 831 1096 illam
847 1037 880 1114 (i.
895 1055 920 1096 e.
936 1034 1115 1114 passionem)
1132 1033 1234 1102 inesse,

125 1143 173 1193 cst
187 1136 262 1193 scire
275 1135 368 1212 ipsius
382 1155 438 1194 esse
452 1135 573 1193 ‹mcaa
583 1135 767 1194 esistcntioc:
782 1145 812 1193 et
826 1133 868 1192 sic
882 1143 1043 1210 autequam
1055 1131 1234 1190 demonstre

131 1252 199 1290 mus
223 1251 299 1302 eam,
320 1231 462 1290 sciremus
487 1231 768 1290 demonstrationem
792 1229 900 1308 ipsius;
921 1249 991 1288 nam
1015 1227 1229 1288 demonstratio

130 1327 207 1386 nihil
223 1326 307 1386 aliud
322 1327 459 1398 ostendit,
476 1327 530 1386 nisi
541 1329 705 1405 passionem
720 1329 809 1386 inesse
823 1325 972 1405 subjecto?

175 1425 241 1484 303.
284 1423 483 1486 Tertio—De
507 1425 666 1504 Principiis
691 1426 943 1504 praenoscendum
959 1437 1003 1486 est
1025 1425 1233 1485 tautummodo

132 1522 213 1602 quod
226 1525 284 1582 siut
300 1543 379 1596 vera,
393 1522 537 1583 habituali
558 1523 663 1584 saltem
688 1524 864 1602 cognitione,
880 1543 956 1602 quae
981 1523 1103 1582 actualia
1116 1522 1232 1593 evadet,

131 1638 227 1695 quum
243 1618 368 1678 taedium
382 1629 426 1680 est
441 1621 604 1680 inventum.
646 1621 677 1681 Si
693 1621 770 1680 enim
787 1641 841 1681 nec
855 1621 1043 1681 habitualitcr
1056 1641 1235 1699 cognoscun-

132 1728 192 1786 tur,
207 1715 323 1775 ctiamsi
346 1727 483 1777 occurrat
506 1718 598 1778 menti
621 1718 736 1778 medius
759 1719 912 1790 terminus,
933 1719 1017 1797 cujus
1042 1716 1236 1778 relationibus

135 1831 206 1870 cum
221 1814 363 1872 extremis
375 1813 522 1892 principia
537 1814 733 1875 conclusionis
754 1815 953 1886 continentur,
968 1813 1015 1874 vel
1031 1835 1090 1874 non
1105 1814 1236 1874 attende

136 1920 189 1967 tur
203 1907 242 1968 ad
258 1908 330 1986 ipsa,
346 1908 392 1969 vel
409 1919 443 1969 ut
458 1910 533 1970 falsa
547 1922 577 1970 et
591 1911 685 1970 dubia
699 1911 877 1990 rejicientur.
920 1910 1077 1987 Quaenam
1094 1931 1164 1970 vero
1177 1913 1238 1970 sint

139 2006 213 2064 haec
234 2007 382 2085 principia
403 2017 432 2066 et
453 2005 634 2087 quotuplicis
658 2010 782 2087 generis,
796 2021 826 2069 et
847 1997 1098 2088 quemadmodum
1121 2009 1151 2068 in
1178 2007 1235 2068 De

135 2103 381 2164 monstrationem
406 2103 544 2176 influant,
567 2125 604 2164 ex
630 2105 763 2166 dicendis
788 2105 977 2166 manifestum
1003 2105 1061 2166 liet.
1104 2103 1233 2164 Tantum

135 2220 229 2259 unum
245 2221 282 2258 ex
297 2199 326 2260 S.
342 2200 459 2260 Thema
470 2202 603 2274 observo,
615 2203 694 2280 quod
709 2204 733 2261 si
748 2223 844 2263 sermo
857 2204 895 2263 sit
906 2203 943 2262 de
955 2205 1060 2281 pmmdi
1069 2203 1235 2280 principiis,

136 2317 214 2375 quac
236 2289 339 2358 cirtulo
361 2297 493 2358 influunt
515 2299 544 2358 in
570 2299 862 2372 demonstrationem,
885 2309 915 2360 et
937 2319 1022 2378 quae,
1036 2299 1109 2378 quia
1126 2301 1235 2377 prima,

142 2395 307 2472 Dipaitclea
320 2408 534 2482 nuncupantur
548 2397 603 2456 “de
618 2397 672 2468 his,
687 2397 820 2476 inquam,
835 2417 894 2456 non
910 2415 1065 2476 possumus
1078 2397 1152 2456 scire
1166 2407 1236 2456 ante

135 2492 418 2552 demonstrationem
443 2492 514 2572 qaid
537 2500 575 2552 est
588 2493 625 2554 de
647 2494 717 2572 ipsis
733 2495 899 2572 (nequeunt
912 2495 991 2554 enim
1014 2493 1164 2566 definiri);
1185 2493 1236 2554 scd

135 2590 316 2668 praescimus
330 2591 367 2650 de
381 2591 452 2669 ipsis
466 2593 534 2671 qaia
549 2599 634 2651 sant:
659 2591 769 2652 debent
791 2593 869 2652 enim
885 2592 966 2653 credi
990 2611 1051 2652 essa
1066 2611 1144 2652 vera.
1187 2591 1236 2652 Ita

131 2687 213 2744 enim
228 2698 298 2746 sunt
312 2697 382 2746 nota
399 2687 511 2748 lumine
534 2689 680 2750 naturalis
695 2689 827 2764 rationis,
841 2689 931 2768 quod,
946 2689 1071 2768 cognitis
1094 2689 1237 2754 terminis,

135 2783 340 2863 cognoscimus
354 2785 425 2862 quia
435 2805 506 2846 vera
519 2797 606 2846 sunt:
621 2807 675 2846 nec
689 2787 797 2846 scimus
811 2787 848 2846 de
862 2787 933 2865 ipsis
944 2793 1063 2865 propter
1077 2785 1158 2866 quiri,
1167 2805 1235 2845 cum

135 2881 197 2939 sint
219 2880 333 2958 primae
355 2882 448 2940 animi
464 2883 696 2961 conceptiones.'’
738 2882 795 2960 Op.
811 2883 858 2944 44.
873 2882 935 2962 Syl.
951 2881 1038 2943 Dcm.
1054 2903 1077 2943 c.
1103 2881 1235 2942 12.-cf.

135 2979 227 3038 etiam
245 2981 270 3038 1.
287 2977 398 3038 Poster.
415 2978 466 3038 lec.
483 2979 509 3039 2.
524 2991 554 3038 et
568 2979 636 3039 6.—

178 3072 236 3133 His
258 3075 288 3132 in
312 3085 494 3134 antecessum
520 3075 739 3153 praestabilitis,
766 3076 914 3136 modoad
940 3075 1232 3135 Demonstrationem

138 3171 320 3240 accedentes,
335 3191 412 3249 quae
425 3182 599 3249 sequuntur,
614 3193 650 3231 ex
666 3173 770 3232 ordino
783 3191 975 3250 quaeremus:

180 3269 201 3328 1.
274 3269 397 3345 -Quid
412 3269 451 3329 sit
475 3269 717 3330 Demonstratio?
770 3317 775 3328 ,

179 3367 219 3428 11.
272 3367 488 3446 -Quotupicx
501 3370 540 3428 sit
556 3368 797 3429 Demonstratiol

180 3465 238 3526 III.
274 3465 398 3541 -Quid
412 3466 580 3544 specialiter
595 3466 818 3526 Demonstratio
829 3474 949 3544 propter
962 3465 1058 3545 ostiti!

180 3561 235 3621 IV.
274 3562 473 3637 —Qunenam
500 3561 648 3640 principia
672 3563 699 3620 in
732 3562 1022 3622 Demonstrationem
1052 3561 1181 3622 influant
1209 3573 1238 3620 ct

418 3659 588 3735 quomodo?

180 3755 217 3814 V.
273 3756 397 3830 -Quid
412 3755 547 3826 Scienliu,
562 3775 639 3834 quae
656 3755 924 3816 Demonstrationis
938 3768 981 3814 cst
995 3755 1134 3814 effectus?

180 3851 234 3912 VI.
273 3852 490 3931 -Quotuplox
505 3853 543 3912 sit
556 3851 687 3913 Scientia
702 3853 819 3912 totalis!

177 3947 252 4009 VII.
273 3949 472 4024 «Quomodo
485 3949 625 4008 scientiae
639 3949 737 4008 totclcs
750 3948 982 4008 coordinentnr?

180 4043 492 4123 VIII.-Quatupiici
509 4045 559 4105 via
574 4044 660 4104 Mens
674 4044 836 4104 Scientiam
851 4045 1008 4123 aupuiratl

380 4142 556 4221 Respondeo

622 4336 663 4396 34
