3118 4956
326 419 384 478 234
820 424 939 502 Lopioo.

324 613 548 674 solumstDeum
577 617 726 677 remittere
754 627 892 696 peccata:
917 629 953 679 at
981 619 1010 678 bi
1041 619 1231 678 vehementer
1258 618 1422 678 falluntur:

324 711 459 788 equidem
475 712 648 774 Sacerdotes
663 735 719 774 non
736 715 837 775 eodem
855 716 943 776 modo
957 736 993 776 ac
1008 715 1091 776 Deus
1106 716 1263 776 remittunt
1283 730 1424 794 peccata:-

326 808 408 870 Deus
422 812 556 886 remittit,
569 824 602 872 ut
615 823 720 873 auctor
733 813 865 892 gratiae3
880 813 1024 874 Sacerdos
1036 834 1115 886 vero,
1127 822 1161 873 ut
1175 813 1309 872 minister
1323 811 1421 890 ipsias.

327 905 472 985 Inspectis
485 908 605 968 demum
629 909 813 988 temporibus
836 909 957 983 multae,
971 929 1049 988 quae
1063 910 1093 968 in
1119 908 1172 970 S&
1186 908 1271 970 libris
1286 907 1423 968 videntur

325 1002 495 1082 antilogion,
509 1005 600 1066 liacile
610 1017 794 1066 evanescent.

710 1235 713 1242 .
813 1200 851 1260 n.
874 1200 932 1266 tv.
968 1241 970 1246 -

645 1394 778 1454 natata
792 1395 944 1455 somno
958 1395 1114 1473 nassas.
1167 1385 1177 1400 ·

366 1585 432 1648 270.
475 1587 533 1648 Ille
549 1591 624 1667 petit
650 1590 845 1668 Priamipiuro,
870 1591 922 1670 qui
951 1591 1034 1669 petit,
1058 1591 1115 1651 sub
1143 1591 1211 1652 aliis
1236 1591 1344 1664 verbis,
1368 1591 1424 1650 sibi

325 1685 446 1744 concedi
469 1686 634 1765 principale
656 1688 849 1766 propositum,
864 1689 944 1765 quod
967 1687 1094 1767 probare
1118 1687 1246 1748 deberet
1288 1685 1426 1746 Fallacia

325 1799 395 1859 ergo
415 1783 565 1858 petitionis
589 1783 738 1862 Rinopii
761 1793 820 1845 ost:
843 1785 995 1864 “deceptio
1020 1785 1196 1864 proveniens
1220 1805 1257 1845 ex
1281 1805 1324 1858 eo,
1345 1784 1423 1863 quod

326 1877 403 1936 idern
432 1880 593 1940 assumitur
617 1880 655 1940 ad
681 1880 886 1960 probationem
911 1883 957 1942 sui
982 1881 1074 1960 ipsius
1099 1881 1151 1942 aab
1176 1882 1235 1941 atio
1262 1880 1422 1940 moabrdo.”

331 1973 426 2035 Οαιιεα
453 1979 643 2054 apparentiae
663 1979 694 2037 iu
723 1978 780 2038 bac
808 1978 930 2038 fallacia
957 1990 1016 2039 est:
1039 1983 1205 2058 “apparens
1229 1977 1423 2039 diversitas:”

325 2093 413 2131 eoam
427 2093 497 2135 vero
510 2095 571 2134 non
585 2077 749 2135 mobtcntiae
762 2086 821 2136 cst:
843 2075 1003 2136 “identitas
1023 2075 1265 2136 eorumdem.”-

367 2171 451 2231 Medi
471 2172 559 2251 bajus
572 2172 711 2233 fallaciae
724 2185 795 2234 sunt
809 2173 1105 2254 oranaim-Primus
1120 2171 1224 2232 modus
1237 2183 1290 2244 est,
1304 2170 1424 2250 quaudo

280 2313 286 2326 .
324 2269 505 2346 synonimnm
525 2269 653 2330 sumitur
666 2270 704 2330 ad
726 2271 967 2350 confirmationem
980 2271 1133 2349 synonimi,
1147 2279 1201 2329 aut
1221 2269 1371 2348 definitum
1384 2267 1422 2326 ad

325 2364 566 2444 consternationem
590 2365 774 2446 definitionis,
790 2367 836 2427 vel
863 2387 879 2428 e
903 2387 1045 2427 converso
1070 2369 1113 2444 (u.
1140 2364 1425 2443 irat—Secundus

325 2462 430 2520 modus
444 2471 495 2534 est,
510 2461 630 2540 quando
643 2484 689 2524 rea
702 2464 874 2524 universalia
887 2463 1016 2524 sumitur
1026 2464 1064 2524 ad
1079 2462 1284 2543 probationem
1296 2462 1425 2540 portica·

326 2559 405 2630 tario
417 2569 451 2619 ut
460 2560 484 2620 si
496 2561 562 2638 quis
575 2561 1001 2639 probatrrrus‚“oontrariorurn
1014 2557 1149 2620 eamdem
1161 2579 1222 2618 esse
1232 2557 1385 2618 scientiam
1398 2555 1425 2615 :¹⁹

326 2665 480 2734 tamquam
503 2655 560 2717 sibi
574 2677 742 2718 concessum
758 2669 903 2719 sumeret:
925 2658 1076 2718 “omnium
1101 2657 1304 2736 oppositorum
1319 2655 1420 2715 eadem

325 2764 368 2814 est
392 2755 550 2814 scientia:”
572 2755 646 2815 hacc
669 2755 748 2815 euim
773 2757 935 2834 praemisse
958 2775 1017 2814 non
1042 2763 1087 2814 est
1110 2753 1207 2832 magis
1230 2765 1311 2825 uota,
1335 2771 1448 2830 quarn.

325 2850 642 2912 conclusio—Tertius
656 2851 761 2912 modus
774 2863 826 2925 est,
841 2871 932 2930 quum
955 2859 1099 2930 petuntur
1112 2852 1211 2910 aronio
1231 2848 1424 2926 particulos-io

325 2949 362 3008 ad
379 2949 582 3027 probationem
605 2949 794 3009 universalis:
816 2970 844 3008 v.
859 2970 886 3028 g.
902 2950 925 3008 si
940 2947 1174 3028 quietamquam
1187 2965 1353 3006 concessam
1368 2945 1423 3004 sibi

326 3058 454 3106 sumeret
477 3046 562 3106 istam
586 3046 798 3125 praemissam
820 3047 1045 3115 “comnmom
1055 3043 1161 3104 eadem
1177 3052 1220 3103 cst
1232 3043 1374 3103 seientia:
1395 3053 1424 3100 et

326 3143 463 3203 similiter
487 3143 524 3204 de
548 3143 652 3204 aliis:’'
676 3164 747 3222 ergo
774 3143 992 3220 (concluderet)
1018 3143 1229 3220 “oppootomo
1254 3138 1356 3200 eadem
1380 3148 1422 3197 est

324 3239 651 3315 scicntia’'—Quertus
665 3240 771 3300 modus
784 3251 836 3312 est,
848 3239 968 3318 quando
983 3239 1095 3318 petitur
1108 3237 1230 3306 division
1243 3235 1321 3314 quod
1337 3233 1423 3294 debet

327 3337 447 3417 probari
471 3339 661 3417 conjunctim:
683 3360 711 3412 v.
726 3359 754 3417 g.
770 3349 804 3399 ut
816 3338 841 3399 si
855 3338 921 3417 quis
936 3339 1038 3399 volens
1061 3336 1204 3416 probare:
1227 3335 1422 3394 “medicinam

326 3455 386 3494 asse
410 3435 562 3494 scientiam
589 3435 652 3494 sani
677 3444 708 3495 et
731 3434 1017 3514 aegriss'tamquam
1044 3453 1195 3494 coucemas
1218 3444 1348 3491 sumeret
1372 3429 1425 3490 has

326 3531 519 3610 praemissas:
544 3530 712 3590 “medicina
735 3541 780 3592 est
803 3529 927 3590 scientia
949 3529 1032 3590 sani:
1061 3529 1208 3588 medicina
1235 3537 1279 3588 cst
1302 3525 1423 3585 scientia

326 3627 609 3704 aegri.''—Quintus
631 3627 735 3688 modus
749 3637 801 3700 est,
815 3627 936 3706 quando
950 3627 1079 3687 sumitur
1093 3645 1185 3685 unum
1213 3623 1423 3684 correlativum

328 3724 366 3784 ad
383 3724 588 3803 probationem
613 3723 752 3784 alterius:
775 3745 803 3784 v.
818 3745 845 3802 g.
861 3723 950 3784 debet
963 3723 1084 3802 probari
1099 3722 1197 3800 quod;
1219 3727 1257 3780 “x
1273 3731 1318 3780 est
1342 3733 1426 3798 paror

325 3843 371 3874 roo
386 3821 433 3900 y,”
442 3831 472 3880 et
491 3819 628 3892 sumitur,
642 3829 797 3898 tamquam
812 3839 991 3893 concessum,
1005 3821 1085 3898 quod
1095 3824 1156 3896 :·“y
1170 3819 1211 3878 sit
1224 3817 1305 3877 iilius
1318 3839 1365 3872 oo
1378 3815 1426 3875 x.''

367 3917 423 3977 Est
438 3931 538 3978 tamen
552 3915 771 3978 observandum
786 3917 865 3976 hanc
875 3915 1027 3977 fallaciam
1044 3937 1101 3990 uon
1117 3925 1354 3994 muamenntra
1367 3915 1421 3972 obn

326 4015 484 4075 ilduinum:
513 4034 580 4074 uam
612 4013 686 4074 bene
709 4013 842 4092 sequitur
870 4013 1029 4086 conclusio,
1057 4013 1135 4073 datis
1163 4013 1348 4091 praemissis:
1376 4012 1424 4070 sed

327 4133 450 4191 peccare
465 4121 569 4172 contra
586 4111 787 4189 probationem
810 4113 994 4188 arpnmenti;
1016 4131 1084 4170 nam
1111 4109 1249 4188 probatio
1263 4109 1353 4169 debet
1366 4129 1425 4167 esoe

326 4208 422 4287 magis
447 4207 612 4268 manifesta.
655 4205 872 4282 Quamobrem,
886 4205 909 4266 si
932 4206 999 4285 quis
1021 4205 1196 4284 praemissas
1221 4225 1279 4265 nou
1304 4203 1425 4264 aliunde

325 4306 516 4376 demonstret,
530 4303 580 4364 sed
602 4303 727 4364 amount
748 4313 902 4381 tamquam
918 4322 1077 4374 manaseas,
1091 4303 1185 4381 ipsam
1202 4302 1232 4360 in
1249 4301 1295 4360 his
1308 4299 1424 4362 conclu·
