3118 4956
364 509 368 518 ι
442 431 489 492 De
515 432 611 492 Tertia
625 431 741 520 'Montio
767 431 948 510 Operatione.
1185 428 1249 525 liii

244 626 300 689 Oai
312 631 442 688 convenit
454 648 546 688 renam
561 649 595 687 eor
606 627 847 708 reprimentibus,
862 647 921 688 noa
935 629 1065 688 mama
1074 625 1204 696 alterata

202 725 204 730 ’
238 708 282 770 vel
307 709 514 792 reliqua—Si
536 712 735 786 repaprmnto'a
761 710 820 770 aiat
853 708 1021 768 immediato
1047 709 1081 767 ia
1108 705 1205 784 aliquo
1227 738 1231 756 ι

238 790 407 866 perierami
420 809 479 848 uon
493 791 622 848 convenit
643 791 830 863 alanonoel
851 791 948 849 omnio
965 795 1084 867 praeter
1104 805 1204 857 uitam,

230 869 330 949 ¹eidem
344 870 492 929 conveniat
506 869 637 942 alterum,
652 870 695 928 ael
707 870 820 950 reliquo
833 889 975 930 aerenum
990 876 1077 928 eet.—

188 1063 487 1144 Exempla.-“Hoc,
501 1065 581 1144 quod
597 1065 693 1138 videa
707 1049 814 1145 corpus
828 1075 871 1127 est
884 1085 920 1125 ac
934 1064 1086 1142 tangitur:
1101 1082 1171 1141 ergo
1185 1081 1244 1120 non

145 1171 192 1220 est
218 1161 367 1240 spiritus.”
410 1159 481 1221 Huc
509 1172 624 1240 spectat
651 1161 727 1222 illud
756 1161 896 1224 Domini:
919 1159 1075 1240 “Palpate,
1090 1159 1196 1239 inquit,
1211 1171 1240 1218 et

147 1255 263 1327 videte3
285 1255 356 1336 quia
376 1257 498 1344 spiritus
519 1278 638 1317 carnem
653 1267 683 1318 et
696 1279 761 1318 ossa
782 1277 842 1317 non
864 1257 964 1330 babet,
978 1258 1056 1317 sicut
1077 1277 1124 1316 me
1139 1255 1244 1315 videtis

143 1350 282 1412 habere.”
325 1351 398 1412 Lae
415 1352 580 1413 lle—Item
596 1351 743 1413 “Faetus:
759 1363 918 1432 antequam
931 1353 1061 1413 animam
1075 1352 1243 1412 rationalem

142 1448 290 1527 accipiat3
313 1449 399 1522 vivit,
414 1470 467 1509 nee
491 1460 589 1510 tamen
605 1461 649 1509 est
669 1450 793 1530 planta:
815 1471 885 1530 ergo
907 1449 1048 1511 animal.”
1063 1449 1108 1510 c'f.
1123 1447 1152 1508 S.
1168 1446 1244 1507 Tho·

145 1566 226 1605 mam
242 1547 284 1616 (1.
300 1567 328 1625 p.
343 1567 370 1624 q.
388 1547 454 1606 119.
469 1567 495 1606 a.
512 1545 553 1622 2.)
833 1545 835 1551 ’

185 1643 236 1702 Ad
248 1643 328 1703 hunc
339 1643 436 1703 locum
450 1645 635 1704 revocandus
646 1643 765 1705 videtur
773 1645 849 1704 botes
859 1643 1021 1704 Divisionia
1027 1665 1038 1713 ;
1048 1643 1131 1722 cujus
1142 1641 1191 1702 hic
1202 1654 1245 1702 est

146 1758 226 1812 usus,
241 1751 275 1799 ut
288 1761 337 1799 sc:
359 1743 532 1800 enumeratio
546 1741 676 1801 orniaibua
690 1740 822 1801 meandris
836 1740 1039 1814 dividentibus,
1053 1740 1090 1800 de
1104 1760 1244 1821 quacum·

142 1853 202 1912 que
217 1855 247 1895 re
261 1835 429 1895 affirmatur
443 1857 547 1910 unnim,
558 1844 678 1916 nepetae·
692 1837 890 1911 alterum,ch
906 1837 1036 1918 reliqua;
1052 1837 1089 1896 de
1103 1857 1163 1916 qua
1174 1857 1244 1896 vero

144 1943 273 2010 negatur
287 1931 425 2005 alterum,
442 1933 488 1993 vel
506 1933 664 2014 reliquum.
676 1933 762 2008 illud,
776 1933 856 2013 quod
872 1945 1014 2007 remanet,
1029 1933 1187 2016 affirmetur
1201 1937 1243 2012 (u.

146 2027 283 2105 238.).-

186 2124 224 2185 In
252 2128 343 2186 sacris
371 2126 465 2188 literis
492 2129 598 2188 erebra
624 2140 695 2189 sunt
722 2150 760 2189 ex
787 2113 1024 2208 repnpnaatibus'
1046 2141 1242 2210 argumenta;

143 2224 314 2302 hujusmodi
329 2237 399 2285 runt
413 2247 441 2286 v.
456 2249 483 2304 g.
527 2225 703 2306 “Numquid
718 2226 913 2288 obliviscetur
928 2226 1057 2286 misereri
1074 2225 1178 2286 Deus?
1191 2239 1243 2285 aut

145 2321 312 2382 continebit
326 2323 356 2381 in
372 2323 418 2382 ira
431 2344 486 2382 sua
500 2323 716 2384 misericordias
730 2323 837 2384 suas?’'
852 2323 900 2384 Ps.
916 2323 963 2384 76.
998 2321 1061 2383 Hie
1075 2337 1243 2402 repugnant

145 2415 227 2475 Deus
255 2428 285 2476 et
306 2433 365 2477 noa
387 2418 622 2479 misereri—“In
652 2419 833 2481 malevolam
861 2421 993 2481 animam
1023 2441 1081 2480 non
1107 2419 1242 2480 introibit

143 2513 309 2592 Sapientia,
325 2535 377 2574 nec
400 2503 552 2575 habitabit
565 2515 596 2576 in
611 2535 733 2596 corpore
754 2516 874 2577 subdito
894 2516 1049 2596 peccatia”
1091 2517 1160 2596 Sap.
1177 2518 1243 2602 1„-

142 2608 260 2669 “Nemo
274 2619 370 2689 potest
384 2610 501 2671 duobus
516 2611 653 2672 Dominis
667 2612 804 2672 servirc.''
832 2612 923 2673 Mat
939 2613 1057 2673 6.-“Si
1072 2611 1243 2672 bominibus

141 2707 300 2786 placerem,
315 2708 428 2768 Christi
449 2729 553 2769 servus
575 2729 632 2770 nou
657 2709 776 2770 essem?
818 2710 869 2770 Ad
892 2709 961 2772 Gal.
973 2692 1014 2784 Ι1.,
1035 2721 1064 2770 et
1086 2710 1243 2770 innumera

142 2804 213 2864 alia.
256 2804 304 2864 Ne
319 2805 433 2865 mireris
447 2817 547 2866 autem
563 2827 610 2866 me
620 2807 650 2866 in
665 2806 711 2867 bis
721 2806 792 2866 loeis
802 2806 997 2886 explicandis,
1012 2805 1063 2867 SS.
1078 2807 1243 2885 Scriptura-

146 2921 213 2960 rum
228 2901 374 2980 exeinplia
387 2913 531 2981 perpetuo
545 2923 630 2963 usum
646 2903 753 2964 tuisse:
766 2915 838 2964 sunt
847 2905 926 2964 enim
942 2905 1016 2964 haee
1026 2905 1133 2982 cuique
1143 2903 1242 2974 obvia,

143 2997 293 3077 simulque
320 2998 522 3058 efficaeimima
544 3011 577 3060 et
595 3001 827 3079 expeditissima,
849 3001 892 3060 ita
920 3011 953 3062 ut
977 3016 1016 3060 ex
1041 3000 1096 3072 his,
1111 2999 1241 3062 locorum

146 3114 216 3154 usus
231 3093 374 3154 facillime
388 3115 406 3153 a
420 3115 538 3174 quoque
551 3095 679 3175 intelligi
695 3107 725 3156 et
739 3096 881 3156 memoria
898 3095 1017 3156 retineri
1033 3085 1136 3174 queat.¹

510 3503 556 3544 DE
570 3503 652 3548 Loco
669 3503 880 3548 exantlasset).

186 3677 252 3738 297.
294 3676 435 3757 Superest
449 3699 526 3739 tinus
549 3681 694 3757 perierolia
716 3680 806 3752 loeus,
821 3701 880 3758 quo
904 3691 1082 3760 argumenta
1097 3689 1242 3760 aamrnptn

145 3775 187 3850 (n.
204 3773 287 3852 279.)
302 3775 508 3846 continentum
530 3797 623 3856 eaque
637 3777 673 3836 ab
687 3777 854 3836 auctoritate
864 3777 1088 3855 depromuntur.
1131 3778 1242 3842 Aucto

148 3871 219 3931 ritas
233 3881 332 3932 autem
356 3873 474 3932 aeternio
489 3883 519 3932 et
532 3876 682 3932 caecitate
704 3875 839 3934 testantis
853 3873 1061 3947 constituitur3
1082 3895 1176 3955 eaque
1189 3887 1241 3948 est,

143 3977 278 4046 spectata
293 3989 418 4046 persona
439 3970 582 4042 testantis,
597 3970 645 4030 vel
668 3969 789 4042 Dianio,
804 3971 852 4031 vel
867 3970 1005 4042 leoniano,
1020 3973 1050 4031 in
1067 3992 1097 4031 re
1112 3973 1158 4032 vel
1174 3971 1242 4050 dop-

143 4066 256 4137 mnum,
270 4065 316 4124 vel
331 4065 474 4126 historico.
518 4066 667 4141 Quocirca
682 4065 731 4126 hie
747 4065 845 4127 Locus
860 4067 972 4146 duplex
987 4079 1039 4142 est,
1054 4067 1241 4130 Aratorllatin

142 4180 189 4220 sc:
213 4159 340 4220 Diuinae
355 4172 385 4221 et
398 4161 550 4222 lmnonoe.
594 4163 642 4223 De
661 4163 751 4243 priori
766 4175 861 4244 agant
882 4163 1025 4245 Theologi
1042 4177 1105 4226 tum
1122 4167 1151 4226 in
1168 4182 1241 4228 trae·

140 4267 204 4315 tatu
221 4255 257 4315 de
274 4257 358 4317 Locis
378 4257 562 4336 Tleolopieis,
577 4269 639 4322 tum
656 4260 686 4319 in
703 4269 833 4321 tractatu
848 4261 884 4320 de
900 4261 982 4322 Fide.
1026 4259 1073 4322 De
1087 4264 1240 4341 posteriori
