3172 4950
487 462 534 525 De
548 461 650 524 Prinna
666 459 774 525 Mentis
794 460 974 542 minutione.
1228 457 1262 520 nl

163 669 323 739 ‘tamquam
339 683 356 720 u
377 661 525 738 principio
540 681 594 740 quo
608 663 652 738 (u.
668 659 748 737 78.);
770 671 799 720 et
815 671 885 720 tunc
900 661 972 719 odio
986 658 1104 718 dicitur.
1148 661 1264 734 Quarto

165 757 408 818 'sinodo-Potest
422 757 612 829 considerari
627 769 717 836 prout
729 757 868 834 recipitur
884 755 1062 834 insubjectus
1076 757 1201 815 materia
1215 776 1264 814 sen

166 875 263 933 uulua:
285 856 369 915 et'sic
380 857 478 933 passio
492 865 535 915 est
549 875 585 915 ac
598 855 816 932 denominatur„

299 951 349 1010 Ex
364 951 452 1010 dictis
467 951 594 1029 colliges.

209 1049 255 1108 84.
298 1048 541 1109 Prima-Actio
555 1049 719 1128 generatim
735 1060 793 1108 est:
805 1055 912 1108 “aetus
926 1069 977 1108 sen
992 1049 1088 1108 forma
1102 1046 1205 1114 liniens.
1216 1063 1265 1107 son

165 1147 205 1204 ud
220 1147 317 1227 ‹slipen›
328 1148 365 1224 (i.
381 1169 405 1207 e.
420 1146 540 1224 agente)
562 1148 592 1206 in
607 1146 690 1207 aliud
702 1148 739 1224 (i.
754 1167 778 1207 e.
795 1167 912 1225 passinn
926 1166 976 1205 seu
999 1144 1161 1224 subjectam
1180 1159 1268 1204 ritate·

170 1246 259 1322 riam)
275 1246 462 1325 procedens''
499 1245 712 1322 Quamobrem,
724 1247 840 1306 tametsi
855 1245 970 1322 aliquid
987 1243 1137 1304 relationis
1152 1243 1268 1302 admix-

166 1353 233 1400 tum
248 1342 366 1414 habeat,
378 1363 437 1402 non
451 1351 496 1402 cst
507 1353 607 1403 tamen
617 1343 783 1421 sisstplieiler
794 1341 908 1414 relatio,
920 1351 953 1402 ut
964 1340 1086 1420 quidam
1099 1341 1267 1410 voluerunt,

170 1459 296 1516 qnorum
312 1440 412 1518 opinio
434 1440 508 1500 bene
522 1440 669 1500 refellitur
682 1461 702 1500 a
715 1439 852 1500 Suaresio
868 1439 922 1516 (D.
939 1437 982 1498 M.
998 1439 1045 1498 48.
1060 1459 1082 1498 s.
1100 1439 1125 1497 1„
1142 1459 1171 1496 n.
1188 1439 1214 1497 n
1230 1439 1267 1496 ad

170 1535 283 1612 liuilni:
298 1547 378 1597 otest
389 1549 492 1615 aperte
506 1537 656 1598 contraria
670 1537 832 1596 sententiae
848 1535 1017 1596 Aristotelis
1031 1546 1061 1596 et
1077 1535 1266 1614 prolatorum
1336 1579 1339 1586 .

167 1643 323 1692 uiretorurn
347 1634 538 1692 asserentium
560 1633 726 1712 passionem
747 1643 778 1692 et
797 1634 944 1692 actionem
959 1652 1019 1690 esse
1032 1632 1196 1708 &latialiter
1211 1654 1269 1690 nien

165 1745 242 1801 siim,
251 1739 282 1790 et
295 1729 440 1790 actionem
454 1751 482 1789 s.
497 1751 525 1808 g.
541 1729 764 1789 calefactionem
774 1749 835 1788 esse
849 1729 880 1787 in
894 1747 973 1808 aqua
988 1727 1135 1808 patiente3
1150 1750 1269 1806 quomo

70 1889 80 1904 ι
165 1826 207 1884 do
230 1826 323 1904 igitur
346 1828 425 1886 actio
447 1827 504 1886 erit
526 1825 631 1886 relatio
655 1827 784 1886 existens
798 1826 828 1884 in
845 1826 913 1904 igne
929 1824 974 1884 vel
1001 1826 1031 1883 in
1057 1825 1119 1904 ipso
1145 1829 1270 1904 agente?

171 1923 268 1982 ilices.
311 1924 356 1982 At
367 1923 516 2002 quomodo
530 1923 607 2000 ignis
623 1923 808 1982 denominari
826 1922 915 2000 possit
926 1942 1016 2000 agens
1026 1942 1077 1981 seu
1093 1921 1268 1982 calefaciam¹

165 2042 185 2076 u
195 2021 411 2101 jormaflucati
425 2039 559 2099 quaeque
573 2019 743 2100 proindein
758 2019 821 2098 ipso
836 2039 895 2078 non
909 2018 1103 2098 estamplius.
1141 2019 1271 2098 llespsnn
1315 2067 1317 2070 .

168 2115 233 2176 deo.
275 2115 403 2176 Nullum
425 2125 470 2177 cst
491 2117 711 2189 inconveniens,
725 2126 760 2175 ut
775 2136 818 2175 res
833 2115 872 2174 ab
886 2135 921 2175 es
936 2116 1031 2174 fornia
1051 2115 1269 2186 deinnninetnr„

167 2213 291 2290 quaein
306 2213 371 2292 ipsa
384 2234 443 2272 non
459 2225 510 2286 est„
526 2213 563 2273 nb
577 2235 612 2273 ca
626 2224 726 2274 tannen
736 2212 867 2291 precedit
881 2233 930 2272 sen
946 2211 1021 2272 fluit.

210 2311 500 2372 Secundo-Passio
513 2312 625 2372 dicitur
639 2312 784 2373 “actionis
793 2311 929 2372 elleetns”
945 2312 1001 2372 hoc
1009 2332 1094 2372 seusu
1105 2314 1220 2391 quiasx
1237 2335 1270 2374 eo

167 2406 251 2484 quod
265 2407 305 2467 ab
319 2407 387 2487 igne
411 2409 493 2469 ealor
506 2409 575 2469 duit
588 2419 619 2469 et
632 2409 766 2488 procedit
779 2407 874 2488 (quod
901 2409 1022 2488 quidem
1037 2411 1114 2470 actio
1129 2412 1186 2487 est)
1202 2413 1271 2472 inde

166 2515 222 2576 est,
236 2503 316 2582 qnod
340 2503 370 2562 in
393 2524 504 2583 aquam
530 2505 738 2575 introducitur,
753 2513 783 2564 et
807 2505 903 2583 passio
927 2513 972 2565 est
992 2525 1028 2564 sc
1050 2505 1270 2567 denominatur.

170 2600 262 2660 Unde
286 2600 382 2679 passio
407 2611 451 2661 est
475 2601 572 2662 forma
592 2601 687 2661 {luens
708 2609 739 2661 et
760 2602 794 2660 ia
813 2601 936 2680 saliceto
959 2601 1128 2674 adveniens,
1153 2602 1271 2682 dicique

171 2707 282 2777 potest;
304 2698 363 2770 “id,
385 2698 548 2758 seciindum
572 2697 652 2777 quod
664 2697 830 2776 subjectum
856 2697 995 2777 patitur-,⁹⁵
1038 2697 1082 2759 Ut
1102 2699 1166 2777 juni
1181 2720 1269 2778 supra

167 2795 347 2868 stotavimus,
361 2815 503 2856 vocamus
517 2795 566 2858 hie
582 2796 746 2873 passionen
761 2815 820 2853 non
835 2797 961 2854 lemnam
977 2795 1070 2874 ipsam
1093 2795 1270 2863 absolutum„

167 2893 220 2951 sed
235 2891 349 2951 formae
363 2893 569 2971 receptionem.

212 2987 263 3048 Ad
286 3008 348 3048 rem
364 2987 462 3049 Divus
477 2987 624 3060 Thomas3
638 2989 737 3048 “notio
750 2999 780 3048 et
794 2989 969 3067 passiosunt
983 3008 1043 3047 una
1058 3009 1102 3048 ms
1113 3001 1142 3048 et
1156 2990 1269 3057 cadent.

174 3105 223 3142 se:
246 3083 352 3158 forma,
367 3105 445 3163 quae
467 3085 555 3145 estin
579 3083 665 3144 fluxu
680 3083 728 3144 vel
742 3083 814 3144 fieri.
857 3083 948 3146 Unde
970 3105 1028 3144 non
1051 3084 1171 3146 videtur
1193 3088 1270 3166 qnod

171 3181 267 3258 {iussio
287 3181 326 3240 sit
348 3182 467 3241 effectus
490 3182 623 3242 actionis
665 3180 696 3240 Si
720 3181 799 3241 enim
824 3181 1052 3241 considerantur
1073 3181 1104 3240 in
1126 3193 1270 3260 quantum

167 3289 240 3338 sunt
253 3299 317 3338 urso
330 3279 439 3357 sonitu„
455 3289 535 3352 tunc,
551 3299 618 3339 cnm
645 3278 722 3338 idem
738 3299 796 3338 non
820 3277 910 3356 possit
924 3299 984 3338 esse
998 3298 1088 3339 causa
1102 3288 1132 3339 et
1152 3279 1271 3340 effectus

168 3376 214 3434 sni
231 3375 333 3454 ipsius,
357 3377 454 3454 passio
468 3395 527 3435 non
541 3375 599 3435 erit
612 3375 732 3435 effectus
754 3375 896 3444 aetionis;
917 3375 1026 3436 sivero
1049 3376 1272 3436 considerentur

173 3473 201 3532 in
218 3481 363 3550 qnantum
375 3483 445 3532 snut
459 3471 526 3544 dno,
537 3471 609 3550 quia
618 3470 696 3532 aetio
707 3469 873 3530 demniiiat
883 3491 980 3548 apem,
991 3481 1021 3530 et
1032 3471 1127 3550 passio
1140 3475 1272 3549 putiani

171 3587 224 3627 nec
239 3567 338 3628 adhuc
359 3569 503 3646 sequitur,
517 3567 596 3647 quod
620 3567 717 3646 passio
730 3567 769 3627 sit
783 3567 902 3627 allectus
925 3567 1016 3646 ipsius
1037 3569 1160 3647 agentis.
1203 3569 1270 3628 Non

170 3685 242 3740 ergo
257 3663 353 3742 passio
367 3676 410 3723 cst
425 3663 544 3724 effecum
567 3663 658 3742 ipsius
672 3663 815 3742 agentis.”
858 3666 913 3722 (¹ui
929 3663 1098 3724 difficultati
1114 3667 1143 3724 S.
1161 3666 1172 3725 l
1178 3671 1273 3728 lector

173 3760 345 3838 respondet:
368 3760 546 3819 “Sciendum
570 3761 649 3838 quod
673 3758 787 3838 aliquid
816 3771 908 3838 potest
923 3759 982 3820 dici
1005 3762 1124 3821 edictus
1146 3764 1272 3843 alicujus

169 3857 339 3936 dupliciter.
382 3856 452 3918 Uno
476 3856 563 3917 inodo
583 3859 700 3934 proprie
723 3871 811 3934 prout
825 3877 872 3915 sc:
895 3869 1034 3916 sanamur
1050 3858 1095 3918 vel
1118 3871 1271 3920 causatum

169 3969 213 4013 cst
227 3952 267 4012 ab
281 3973 325 4024 eo,
339 3964 368 4013 et
383 3953 438 4013 isto
453 3953 541 4012 niodo
555 3953 652 4032 passio
666 3963 780 4013 nonest
794 3955 912 4013 ollactus
923 3954 1056 4014 actionis
1100 3955 1170 4016 Alio
1187 3959 1272 4018 inodo

173 4055 246 4131 quia
268 4053 390 4132 quando
413 4063 572 4131 utrumque
587 4052 629 4125 fia
643 4053 687 4112 ita
701 4051 778 4113 fiunt
791 4055 886 4126 sinsnl,
901 4053 980 4132 quod
996 4073 1089 4113 unum
1116 4059 1272 4115 stecessnriu

174 4153 348 4210 eonneaione
362 4149 541 4228 intelligitur
554 4169 615 4210 esse
624 4157 689 4228 post
703 4149 796 4210 aliud.
840 4149 929 4211 Unde
944 4151 1073 4228 primum
1090 4148 1201 4210 dicitnr
1214 4171 1273 4212 asse

174 4247 305 4326 quodam
321 4247 410 4308 modo
424 4267 514 4307 caiisa
527 4245 655 4306 efficiens
670 4257 803 4325 respectu
817 4246 937 4307 secundi
954 4292 1051 4307 .....
1068 4267 1137 4306 nam
1153 4247 1231 4309 aetio
1245 4259 1274 4310 et

176 4345 270 4424 paeto
284 4345 407 4405 suntab
422 4344 486 4423 ipso
500 4353 607 4424 agente
621 4343 725 4404 ordine
739 4343 869 4423 quodam
893 4345 1064 4405 necessario.
1096 4343 1183 4405 Prius
1196 4347 1275 4407 enim
