3358 4952
446 472 503 532 100
941 472 1061 554 nnn.

443 666 651 746 proprietatem
667 668 872 732 ‹tulel‘ueiendir
913 670 981 730 Hoe
1002 671 1167 750 perpende;
1189 681 1232 732 est
1246 670 1471 742 enimmeximi
1487 691 1555 728 mo-

445 763 538 823 menti
552 765 582 824 in
598 774 662 826 toto
676 764 841 844 Theologie
855 776 885 827 et
899 766 1143 846 Philosophia:-

482 860 560 922 Dico
573 860 839 924 IV.—Delinitum
863 863 973 924 debere
983 885 1046 924 esse
1065 865 1185 942 speeiem
1198 865 1292 926 alicui
1315 864 1416 944 generi
1429 863 1554 943 subjee-

442 967 513 1018 tum.
557 957 647 1018 Ratio
668 957 758 1038 hujus
771 969 831 1019 est:
853 960 925 1038 quie
939 960 968 1018 in
984 961 1065 1020 omni
1086 960 1258 1022 delinitione
1273 971 1326 1022 nut
1346 960 1548 1039 descriptione

442 1055 559 1132 proprie
583 1053 664 1116 dictu
686 1056 857 1134 ponendum
881 1070 925 1117 est
948 1079 1039 1135 penus
1058 1059 1103 1118 rei
1118 1058 1185 1136 (int.
1208 1059 1388 1138 principium
1410 1059 1543 1137 generis*

441 1173 518 1234 quse
539 1154 702 1227 definitur;
720 1165 750 1216 et
771 1158 834 1234 ejus
848 1155 1013 1234 differentia
1029 1156 1076 1218 vel
1099 1159 1253 1236 proprium
1268 1159 1335 1235 (int
1359 1157 1543 1237 principium

442 1251 626 1312 differentiae
640 1249 688 1312 vel
703 1252 916 1330 proprietatis).
959 1253 1165 1330 Quamobrem
1179 1253 1345 1315 Definitum
1360 1253 1474 1315 substet
1488 1253 1544 1314 eli-

442 1350 490 1410 oui
515 1351 624 1430 generi,
639 1349 718 1430 quod
744 1371 796 1429 per
818 1351 1000 1412 differentias
1024 1351 1160 1414 oontrnbi
1187 1363 1293 1431 potest,
1314 1373 1463 1412 necessum
1489 1367 1542 1412 est.

443 1449 536 1527 Atqui
552 1448 669 1510 nonnisi
682 1448 792 1528 speeies
803 1448 920 1510 subesse
934 1459 1037 1528 potest
1080 1449 1170 1528 Ergo.
1213 1447 1296 1510 Hinc
1310 1448 1439 1526 colliges.

481 1546 775 1624 Primo-Supremo
795 1567 902 1624 ponera
916 1546 1116 1608 definitionem
1134 1546 1380 1625 propriodiotnm
1402 1545 1466 1624 peti
1482 1565 1542 1606 uon

444 1664 542 1723 posse:
572 1664 591 1705 a
615 1643 729 1704 fortiori
755 1643 893 1722 Anolopo
918 1663 946 1704 v.
971 1665 999 1722 g.
1025 1642 1098 1717 Ens,
1124 1641 1239 1716 Unum,
1265 1641 1394 1715 Bonum,
1416 1640 1547 1703 Verum.

443 1737 581 1818 Aliquid,
597 1738 778 1813 Potentiam,
794 1740 916 1802 Actum.

480 1835 858 1913 Secundo-Differentiae
871 1836 987 1896 definiri
997 1839 1118 1915 proprie
1132 1857 1191 1898 non
1206 1857 1308 1915 poste:
1327 1837 1441 1898 nullius
1455 1857 1543 1898 neni-

441 1954 498 2012 que
523 1934 637 2010 generis
661 1943 730 1992 sunt
752 1934 869 2011 specim
914 1933 1057 1993 Attamen
1084 1934 1164 2012 ipsae
1188 1933 1406 2011 quadamtenus
1430 1931 1536 1994 deseri·

443 2031 555 2092 buntur
583 2052 665 2091 more
699 2033 922 2109 proprietatum,
948 2032 1084 2090 conmotis
1117 2030 1262 2102 terminis,
1288 2029 1543 2108 significatarum?

440 2127 689 2208 quemadmodum
715 2129 793 2188 enini
817 2127 943 2188 dicimus
965 2126 1101 2186 “dorilem
1124 2126 1301 2198 hominem,”
1326 2125 1376 2204 qui
1402 2125 1538 2184 doetrins

442 2226 536 2286 imbui
560 2235 664 2306 potest,
685 2224 727 2284 sii·
741 2223 838 2290 (Urere
860 2245 1032 2303 prosumus:
1053 2221 1233 2284 “Rationale
1255 2233 1297 2282 est
1319 2219 1442 2292 euiinnl,
1462 2223 1539 2299 quod

445 2325 590 2384 rationem
614 2322 801 2402 participet.''

480 2419 846 2497 Tertio—Quaecumque
867 2417 1040 2496 figmentum
1064 2416 1234 2495 significent
1253 2415 1369 2476 deliniri
1392 2431 1540 2494 nequeunt

441 2518 612 2580 delinitione
633 2516 717 2590 reoli,
729 2514 779 2574 sed
802 2525 919 2575 tontum
935 2514 1082 2575 declarari
1103 2525 1227 2593 posunt
1240 2513 1339 2592 quood
1354 2512 1547 2591 significatio-

441 2637 507 2678 nem
523 2635 659 2676 nominis,

480 2811 565 2872 Diuo
587 2807 755 2870 lV.-Non
777 2810 875 2868 omnio
893 2815 1014 2886 poterint
1035 2814 1087 2866 out
1109 2806 1210 2868 delent
1235 2805 1354 2885 definiri
1375 2805 1540 2885 definiturus

435 2911 556 2992 propre
569 2907 655 2968 dida·
907 2910 916 2926 “

482 3101 548 3160 128.
591 3098 677 3160 Heee
692 3097 823 3169 assertio,
844 3099 921 3176 qun'e
935 3097 1104 3176 oeteroquin
1119 3117 1156 3156 ex
1173 3096 1325 3174 hueusque
1340 3095 1427 3156 dietis
1440 3115 1539 3156 ronse·

439 3197 552 3278 quitur,
566 3205 662 3276 potest
676 3194 801 3255 ulterius
816 3195 845 3253 in
861 3194 941 3254 huno
956 3193 1076 3254 moduni
1093 3193 1249 3253 declarari.

480 3294 523 3354 Et
541 3293 637 3372 primo
651 3291 772 3369 quidem
787 3311 845 3350 non
860 3289 961 3350 omnin
974 3295 1041 3350 ruint
1059 3289 1237 3368 definiendo.
1280 3287 1370 3364 Retio
1391 3299 1450 3348 est:
1472 3299 1535 3348 tum

439 3393 511 3472 quin
526 3391 658 3450 notiones
672 3387 817 3468 quaedum
834 3399 903 3447 sunt
912 3409 968 3466 per
978 3409 1006 3446 se
1017 3387 1207 3457 clarissimae,
1221 3399 1251 3446 ot
1264 3405 1318 3445 suu
1334 3385 1399 3444 luoo
1414 3385 1456 3444 itu
1470 3403 1536 3444 sunt

442 3487 532 3550 menti
549 3486 731 3557 manifestae,
746 3495 780 3545 ut
795 3484 918 3544 ulterius
933 3483 1100 3544 collustrari
1116 3505 1173 3544 non
1189 3493 1314 3562 egeant:
1337 3495 1399 3543 tum
1416 3482 1496 3560 quin,
1510 3483 1532 3540 si

439 3585 539 3646 omnia
553 3592 647 3642 essem
668 3580 845 3654 delinienda,
860 3580 1049 3659 impossibilis
1070 3581 1209 3640 evaderet
1229 3580 1380 3650 delinitio;
1401 3579 1539 3658 quemod-

441 3680 562 3741 modnm
577 3680 600 3738 si
615 3699 703 3739 omne
717 3699 832 3757 eorpus,
843 3677 922 3757 quod
938 3677 1101 3749 illuminat,
1111 3678 1151 3738 nb
1166 3678 1225 3737 elio
1235 3677 1400 3738 illuminari
1410 3677 1539 3738 deberet.

440 3777 557 3840 nullum
582 3796 688 3854 eorpus
712 3786 786 3834 esset
809 3773 993 3846 illuminans,
1018 3773 1194 3853 nullumque
1219 3773 1441 3834 illuminatum:
1463 3786 1492 3834 et
1515 3776 1537 3834 si

440 3897 536 3950 omne,
550 3873 629 3953 quod
652 3882 797 3944 movetur,
811 3871 851 3932 eb
874 3870 934 3931 alio
949 3872 1061 3932 moveri
1082 3872 1211 3942 deberet,
1233 3892 1251 3932 n
1275 3891 1335 3950 quo
1351 3883 1447 3932 motus
1471 3873 1540 3932 inei-

444 3983 526 4054 peret
540 3969 615 4031 nihil
631 3979 713 4044 esset,
728 3979 817 4047 utque
831 3967 898 4028 ideo
913 3968 1014 4028 nullus
1029 3981 1126 4028 motus
1140 3968 1205 4028 deri
1222 3979 1326 4046 posset.

477 4068 613 4132 Secundo
634 4086 694 4128 non
708 4065 809 4128 omnis
829 4065 948 4145 definiri
962 4065 1245 4144 possunt—Obstat
1266 4065 1356 4130 enim.
1377 4065 1537 4144 quominu-

438 4167 539 4230 omnia
559 4164 750 4236 definiuntur,
763 4183 801 4224 ex
816 4183 877 4222 una
898 4172 992 4241 perte,
1006 4162 1205 4242 quarumdam
1222 4163 1376 4223 notionum
1392 4161 1543 4222 conditio:

439 4286 477 4328 ex
491 4264 596 4336 ultore,
610 4262 761 4322 humente
775 4259 882 4322 mentis
898 4257 1040 4321 limitatio
1053 4270 1083 4320 et
1096 4258 1287 4338 imperfectio.
