3138 4956
414 443 462 504 De
486 427 585 505 lertio
605 445 714 506 Meritis
734 444 916 522 Operatione.
1157 441 1215 502 303

111 648 279 720 noscuntur
293 659 346 716 per
366 639 471 716 species
484 661 503 698 a
517 638 700 699 sanabilibus
714 639 879 711 abstractae,
892 639 956 698 sive
976 637 1036 696 sint
1049 633 1216 713 complexa,

21 809 25 815 .
112 745 148 794 ut
163 734 337 811 Dipaitatea
351 735 415 794 sive
435 734 635 813 incomplexe,
651 746 685 794 ut
705 737 780 794 ratio
796 734 883 794 Entia
904 745 934 794 et
955 733 1050 795 Unius
1063 743 1093 791 et
1116 730 1215 810 huJ‘us-

111 831 204 902 modi,
219 851 296 909 quae
309 831 411 891 statim
426 831 595 892 intellectus
607 832 813 910 apprehendit
856 830 906 890 Ex
921 830 985 890 istis
993 837 1092 889 autem
1109 827 1216 907 princi-

113 928 174 1006 piis
188 928 407 988 universalibus
421 929 522 988 omnia
539 919 687 1007 principia
701 937 875 1006 sequuntur,
889 927 966 988 sicut
980 947 1018 986 ex
1033 923 1214 1004 quibusdam

109 1023 284 1084 rationibus
308 1024 510 1084 seminalibus,
553 1024 685 1100 Quando
707 1044 778 1103 ergo
792 1044 831 1084 ex
852 1023 916 1084 istis
937 1021 1158 1084 uniuersalibus
1172 1039 1216 1079 cc·

112 1120 301 1198 gnitionibus
327 1141 408 1180 mens
429 1121 575 1193 educitur,
590 1131 624 1180 ut
648 1128 713 1180 acta
730 1135 889 1200 cognoscat
909 1119 1115 1199 particularia,
1142 1137 1216 1196 quas

112 1219 196 1297 prius
211 1220 243 1277 in
255 1221 395 1296 potentio,
410 1230 440 1278 et
453 1219 538 1296 quasi
553 1219 583 1276 in
600 1218 762 1278 universali
788 1218 1053 1297 cognoscebantur,
1066 1226 1138 1276 tunc
1163 1214 1216 1274 ali·

112 1315 183 1392 quis
197 1314 308 1374 dicitur
321 1315 469 1374 scantiam
483 1317 639 1394 acquirere.

156 1409 334 1470 “Sciendum
350 1420 450 1470 tamen
473 1410 619 1489 estquod
641 1412 671 1469 in
688 1410 877 1470 naturalibus
897 1410 985 1470 rebus
999 1408 1114 1488 aliquid
1130 1429 1216 1486 prce·

112 1508 209 1566 oniatit
222 1508 396 1584 inpotentia
411 1505 692 1585 dupliciter-Uno
704 1507 833 1566 modain
850 1507 983 1585 potentia
994 1509 1088 1566 action
1101 1505 1216 1582 compte-

113 1610 153 1675 tc,
165 1603 286 1682 quando
296 1624 343 1664 sc:
365 1603 546 1682 principium
557 1606 745 1663 intrinsecum
754 1603 934 1664 sufficienter
947 1613 1043 1682 potest
1057 1603 1217 1682 perducere

113 1698 145 1757 in
170 1709 269 1759 actum
295 1697 467 1778 perfectum,
489 1699 567 1760 sicut
588 1708 671 1778 patet
693 1700 723 1758 in
746 1701 917 1760 sanatione:
939 1719 978 1758 ex
1001 1699 1113 1760 virtute
1136 1698 1214 1756 enim

111 1793 259 1866 naturali,
273 1814 351 1872 quoe
365 1805 408 1855 est
430 1796 460 1854 in
476 1816 575 1874 aegra,
589 1817 678 1876 aeger
691 1796 730 1856 ad
745 1797 903 1857 sanitatem
919 1794 1217 1876 perducitur—Alio

112 1889 248 1950 modain
264 1891 398 1968 putentia
409 1893 534 1969 passiva,
549 1892 671 1971 quando
685 1913 734 1952 sc:
757 1893 938 1972 principium
953 1893 1140 1952 intrinsecam
1155 1912 1214 1952 non

112 1985 224 2045 sufficit
238 1987 277 2045 ad
292 1987 478 2048 educendum
504 1989 533 2046 in
560 1991 763 2062 actun1,sicut
786 1999 869 2070 patet
892 1990 1014 2069 quando
1039 1991 1067 2049 in
1094 2010 1161 2050 aere
1183 1989 1217 2049 fit

113 2083 208 2160 ignis:
232 2083 287 2144 hoc
309 2085 388 2144 enirn
413 2085 476 2144 fieri
500 2106 558 2146 non
582 2097 678 2165 potest
701 2107 754 2166 per
775 2088 908 2166 aliquam
932 2089 1074 2148 virtutem
1097 2088 1127 2146 in
1149 2106 1217 2147 aere

113 2180 477 2257 existentem-Quando
492 2183 586 2262 igitur
600 2185 774 2263 praeexistit
787 2184 903 2262 aliquid
924 2185 956 2243 in
978 2183 1111 2263 potentia
1125 2183 1218 2242 actico

114 2278 262 2356 ceroptata,
277 2289 348 2338 tunc
370 2299 461 2358 agens
476 2283 663 2340 extrinsecam
687 2301 745 2341 non
769 2281 842 2361 agit,
856 2282 912 2342 nisi
935 2279 1104 2360 adjuvando
1127 2299 1217 2358 agens

114 2374 310 2434 intrinsecum
326 2386 356 2435 et
379 2376 573 2436 ministrando
592 2377 619 2436 ei
643 2397 686 2450 ea,
701 2377 810 2456 quibus
835 2377 927 2458 possit
948 2377 980 2436 in
1002 2386 1103 2438 actum
1125 2375 1217 2446 exire,

112 2473 192 2532 sicut
208 2471 338 2533 medicus
353 2474 383 2532 in
394 2475 548 2534 sanatione
559 2484 603 2534 est
617 2474 751 2534 minister
761 2485 887 2534 naturae
899 2473 990 2552 (quae
1000 2471 1218 2551 principicliter

114 2569 271 2646 operatur)
287 2569 484 2630 confortando
505 2581 644 2630 naturam
666 2581 697 2631 et
710 2571 888 2650 apponendo
909 2570 1082 2641 medicinas,
1096 2568 1214 2647 quibus,

115 2665 209 2726 veluti
235 2668 449 2740 instrumentis,
464 2679 575 2728 natura
589 2668 685 2728 utitur
698 2668 738 2728 ad
758 2669 954 2728 sanationem.
997 2666 1129 2742 erando
1143 2685 1215 2726 vero

113 2763 231 2842 aliquid
246 2765 421 2843 praeexistit
434 2765 464 2824 in
481 2767 614 2844 potentia
629 2766 749 2844 poesim
777 2776 905 2838 tantum,
920 2775 992 2826 tunc
1006 2783 1098 2843 agens
1112 2765 1217 2824 entrin

112 2881 207 2920 amum
222 2871 266 2922 est
291 2862 372 2940 quod
394 2863 495 2923 educit
511 2864 719 2941 principaliter
732 2862 769 2922 de
783 2863 917 2941 potentia
940 2861 972 2921 in
997 2869 1116 2932 actum;
1137 2861 1215 2920 sicut

117 2958 196 3034 ignis
210 2958 284 3018 lacit
297 2959 335 3018 de
348 2978 424 3032 aere,
440 2960 490 3038 qui
505 2970 549 3020 est
557 2961 689 3037 potentio
702 2959 789 3038 ignis,
805 2965 870 3018 octa
884 2958 993 3037 ignem.

158 3054 304 3114 “Solantia
315 3075 385 3134 ergo
401 3056 575 3134 praeexistit
586 3057 615 3115 in
628 3056 799 3116 addiscente
810 3055 840 3114 in
852 3055 986 3134 potentia
996 3071 1054 3113 non
1064 3074 1141 3132 pare
1150 3074 1218 3131 pos-

113 3150 249 3222 aioc,sed
271 3153 384 3222 actioc;
404 3151 480 3212 alias
504 3152 594 3212 homo
618 3171 677 3212 non
702 3161 798 3230 posset
823 3169 919 3230 perse
942 3150 1039 3229 ipsum
1064 3149 1218 3228 acquirere

114 3247 280 3307 scientiam.
324 3247 409 3308 Sicut
430 3269 500 3328 ergo
521 3247 632 3327 aliquis
652 3247 813 3326 dupliciter
826 3257 961 3320 sanatur,
975 3265 1035 3306 unc
1057 3245 1146 3306 modo
1161 3265 1218 3323 per

114 3346 310 3420 operationem
323 3353 449 3404 rant-arne
462 3353 596 3405 mittum:
616 3346 677 3407 alio
692 3345 780 3404 modo
794 3367 813 3403 a
828 3351 937 3404 natura
950 3363 1018 3403 cum
1040 3342 1217 3402 adminiculo

114 3439 293 3512 medicinam
322 3442 365 3502 ita
392 3443 481 3502 etiarn
510 3453 554 3502 est
582 3441 689 3516 duplae
715 3441 816 3501 modae
843 3439 1015 3519 acquirendi
1044 3439 1216 3499 scientiam:

116 3555 203 3608 unus,
218 3538 340 3616 quando
354 3539 502 3600 naturalis
527 3540 603 3599 ratio
620 3540 812 3617 perseipsum
826 3537 948 3598 devenit
962 3536 992 3595 in
1015 3535 1215 3615 cognitionem

112 3631 295 3710 ignoturum,
318 3645 348 3695 et
371 3635 420 3694 hic
443 3635 548 3694 rniidus
570 3635 682 3694 dicitur
702 3635 850 3704 inventio‚·
872 3633 950 3693 alius
969 3633 1090 3711 quando
1106 3631 1215 3692 rationi

114 3732 249 3792 naturali
279 3731 388 3810 aliquis
416 3733 539 3792 exterius
566 3731 810 3798 adminiculatur,
836 3740 866 3790 et
893 3730 942 3790 hic
970 3729 1076 3790 modus
1106 3727 1217 3788 dicitur

115 3829 282 3907 disciplina.

156 3927 211 3987 “In
228 3927 392 4000 bisantem,
401 3947 480 4006 quae
492 3926 569 3987 fiunt
582 3947 601 3986 a
614 3938 725 3986 natura
736 3935 767 3985 et
779 3937 853 3998 arte,
862 3923 966 3985 eodem
980 3923 1217 4002 mcdooperatur

114 4045 173 4097 ars,
188 4035 218 4084 ct
232 4025 403 4103 pereadem
419 4024 528 4097 media,
543 4023 826 4104 quibusetnatura.
868 4021 954 4083 Sicut
967 4021 1047 4080 enim
1062 4030 1173 4081 natura
1187 4021 1217 4080 in
1311 4053 1315 4062 «

113 4140 157 4192 eo,
172 4121 224 4200 qui
238 4141 276 4180 ex
291 4119 403 4199 frigida
417 4141 508 4180 causa
521 4120 649 4193 laborat,
664 4119 866 4180 caletaciendo
880 4118 1036 4178 induceret
1049 4117 1217 4190 sanitatem,

112 4219 157 4278 ita
177 4230 207 4278 et
229 4217 378 4289 medicus;
407 4217 485 4277 unde
506 4227 536 4278 et
556 4237 605 4278 ara
626 4217 734 4276 dicitnr
753 4217 867 4276 ianitori
886 4223 1032 4277 naturam.
1074 4211 1218 4274 Similiter

113 4315 204 4375 etiam
220 4314 368 4393 contingit
387 4315 422 4372 in
434 4313 570 4374 scientiae
583 4313 778 4393 manatione,
792 4311 873 4390 quod
887 4311 991 4372 eodem
1005 4309 1095 4369 modo
1109 4308 1217 4370 docens
