3172 4950
216 448 474 508 .121
811 445 931 526 masa.

314 661 372 703 nou
394 641 544 721 subjective
557 641 609 702 sad
622 640 752 720 ob'eotioe
775 642 817 717 (n.
835 639 881 700 12.
898 639 960 709 13).
1003 639 1051 700 Da
1076 639 1122 700 iris
1135 639 1200 719 agit
1223 649 1332 701 auctor
1343 660 1363 701 a
1380 660 1411 700 n.

318 741 363 799 10.
379 739 416 798 ad
434 739 480 799 16.
523 737 681 814 Quaedam
697 747 798 802 tamon
812 735 978 798 noeeasario
993 736 1132 798 addenda
1146 747 1224 797 sunt.

585 977 588 984 ·
634 951 681 994 1AE
695 949 849 994 unlvocra
863 950 904 992 ΕΤ
918 949 1089 992 Anaboura.

356 1129 402 1188 23.
445 1125 584 1190 Univooa
605 1125 660 1188 iila
680 1127 839 1188 dicuntur:
860 1132 1007 1206 “quonum
1022 1145 1129 1187 nomen
1144 1145 1302 1186 commune
1314 1135 1367 1198 eet,
1381 1137 1411 1184 et

315 1225 391 1286 ratio
412 1245 464 1303 per
477 1245 585 1285 nomen
599 1223 768 1304 significato
781 1223 957 1302 simpliciter
970 1222 1102 1283 eadem.’'
1144 1223 1191 1295 Os,
1212 1221 1303 1283 Auot
1318 1242 1347 1283 n.
1365 1224 1412 1282 13.

355 1322 496 1401 Analoga
521 1343 590 1382 vero
614 1321 670 1382 illa
693 1321 851 1382 dicuntur:
881 1325 1026 1399 “quorum
1047 1339 1153 1380 nomen
1180 1339 1337 1380 oommnne
1358 1331 1414 1392 eet,

314 1419 391 1479 ratio
404 1428 504 1480 autem
520 1439 573 1498 per
586 1437 693 1479 nomen
707 1416 874 1497 significata
895 1435 990 1495 neque
1004 1415 1125 1476 omnino
1140 1416 1170 1476 in
1185 1414 1245 1476 illis
1258 1425 1302 1476 est
1315 1413 1415 1476 diver-

313 1535 355 1587 sa,
369 1535 465 1594 neque
478 1515 600 1576 omnino
613 1514 728 1587 eadem,
742 1523 796 1574 aut
809 1533 904 1592 aequo
918 1511 1007 1574 modo
1021 1512 1231 1594 participata’'

354 1610 507 1690 Analogia
529 1621 629 1672 autem
642 1609 757 1690 duplex
779 1621 839 1671 est:
861 1609 1060 1689 proportionis
1082 1630 1131 1670 so:
1153 1609 1200 1671 val
1217 1608 1324 1670 melius
1341 1629 1412 1688 pro

310 1709 548 1794 portionalitatis,
561 1717 591 1768 et
604 1693 928 1768 obribrmonie-Prior
941 1705 1070 1767 sumitur
1079 1725 1116 1766 ex
1138 1705 1330 1785 proportione
1343 1704 1411 1784 plu-

313 1805 391 1864 rium
416 1825 516 1864 rerum
531 1805 562 1864 in
577 1804 681 1864 ordine
694 1804 734 1864 sd
755 1803 872 1882 aliquos
887 1803 1028 1864 terminos
1041 1801 1089 1864 vel
1103 1803 1234 1876 effecum,
1247 1813 1277 1864 et
1300 1802 1331 1862 in
1354 1802 1413 1863 hor

183 1908 187 1914 '
236 1927 242 1936 ·
313 1900 455 1974 oonsistit,
469 1900 549 1980 quod
565 1900 733 1979 primipole
752 1899 940 1977 analogatum
953 1899 1164 1960 denominatur
1178 1899 1239 1960 tale
1252 1920 1272 1960 a
1285 1899 1409 1979 propria

313 1996 410 2058 forma
431 1997 558 2058 (simule
589 1995 778 2069 wneiderotu
801 1994 885 2056 aliud
909 2015 981 2056 vero
1003 1995 1051 2056 vel
1073 1994 1135 2056 alia
1159 1998 1250 2075 (quae
1280 1995 1411 2074 analoga

312 2093 475 2172 analogata
488 2093 536 2154 vel
552 2091 681 2172 analoga
694 2091 871 2153 secundaria
885 2091 1051 2171 dicuntur),
1062 2093 1181 2154 tametsi
1191 2112 1211 2153 a
1219 2092 1341 2172 propria
1351 2091 1413 2153 for-

313 2210 363 2250 ma
376 2189 505 2250 similem
518 2188 789 2250 denominationem
802 2188 975 2268 suscipiant,
990 2197 1089 2249 tamen
1111 2209 1170 2249 non
1185 2187 1322 2250 absolute
1342 2209 1411 2249 con-

312 2286 453 2359 siderata,
466 2285 517 2346 sed
538 2285 610 2365 quia
623 2285 654 2344 in
670 2285 775 2346 ordine
795 2284 835 2344 sd
849 2283 934 2346 illam
948 2295 1049 2346 servat
1069 2285 1231 2364 quamdam
1248 2286 1412 2364 proportio-

312 2403 378 2442 nem
399 2402 467 2442 oum
491 2380 668 2444 habitudine
689 2381 778 2462 primi
801 2381 954 2461 analogati
982 2383 1021 2444 ad
1048 2403 1133 2444 snam
1161 2384 1308 2444 tonnam:
1330 2404 1359 2445 v.
1382 2405 1410 2462 g.

313 2478 416 2540 Homo
430 2479 541 2540 dieitur
561 2479 659 2539 ridere
672 2499 691 2539 a
702 2479 822 2559 proprio
836 2488 905 2539 notu
921 2478 1038 2540 ridendi
1052 2479 1188 2542 absoluta
1201 2489 1330 2560 sumpto,
1345 2499 1412 2560 pra·

313 2585 377 2636 tum
393 2595 463 2636 vero
475 2575 587 2636 dicitur
601 2574 697 2636 ridere
707 2596 726 2635 a
736 2575 890 2636 viriditate
903 2575 1034 2655 propria,
1045 2596 1104 2638 non
1118 2568 1255 2638 absolute
1268 2579 1411 2656 inepaota,

312 2671 362 2733 sed
384 2685 530 2750 quatenns
553 2683 654 2733 servm
677 2670 839 2750 quamdam
863 2672 1083 2751 proportionem
1108 2683 1229 2752 pratum
1254 2672 1351 2736 viride
1371 2673 1409 2733 ad

313 2769 464 2830 bominem
479 2768 634 2830 ridentem.

354 2866 400 2926 24.
443 2864 595 2944 Analogia
616 2885 687 2926 vero
711 2864 916 2926 attributionis
937 2865 1097 2944 dupliciter
1110 2865 1410 2928 habetur.--Primo:

312 2962 433 3042 quando
455 2963 552 3022 forma
575 2960 771 3024 denominans
792 2961 823 3021 in
838 2980 898 3021 uno
912 2973 1046 3024 extremo
1059 2971 1178 3023 tanturn
1192 2973 1236 3024 est
1249 2957 1424 3037 imnum(

314 3059 345 3120 in
359 3058 427 3120 aliis
441 3079 512 3120 vero
524 3058 622 3120 solum
636 3078 689 3137 per
702 3061 888 3119 extrinseoom
898 3058 1114 3120 habitudinem.
1155 3059 1205 3122 Sic
1218 3081 1326 3122 sanum
1339 3063 1410 3124 dioi-

313 3165 364 3216 tur
384 3155 421 3216 de
442 3155 577 3228 animali,
592 3167 622 3216 et
643 3155 681 3216 de
701 3155 777 3228 cibo,
798 3154 948 3216 medicina
961 3167 994 3216 et
1011 3155 1114 3217 vultus
1135 3156 1251 3218 colore:
1273 3171 1317 3220 eet
1330 3161 1408 3220 enim

312 3255 425 3316 sanitas
458 3255 615 3317 intrinsece
639 3254 671 3313 in
694 3252 830 3326 animali,
844 3253 876 3312 in
902 3253 1006 3314 ceteris
1031 3273 1101 3314 vom
1124 3255 1333 3316 tantummodo
1358 3277 1411 3334 per·

312 3353 509 3414 extrinsecam
530 3351 748 3424 habitudinem,
762 3359 909 3429 quatenus
922 3370 969 3410 so:
984 3348 1067 3410 cibus
1081 3359 1247 3422 conservat,
1262 3351 1410 3412 medicine

313 3459 469 3522 restaurat,
484 3447 585 3510 vultus
599 3447 681 3508 color
700 3446 850 3527 signifieat
869 3447 1038 3520 sanitatem,
1052 3467 1129 3526 quae
1143 3447 1174 3507 in
1189 3447 1313 3508 animali
1328 3449 1411 3509 inve·

313 3543 596 3607 niun-Secundo:
618 3543 740 3622 quando
760 3542 859 3604 forma
879 3543 1074 3604 denominans
1088 3544 1119 3604 in
1134 3553 1260 3622 utroque
1273 3543 1409 3604 membro

268 3685 282 3711 .
311 3651 356 3703 est
379 3644 539 3715 iutrinem,
554 3651 654 3702 tamen
668 3641 701 3700 in
722 3659 783 3702 uno
799 3639 893 3720 (quod
913 3639 1074 3720 analogum
1096 3641 1233 3720 princeps
1246 3641 1294 3703 vel
1310 3641 1411 3703 anolo

312 3759 383 3819 gum
407 3737 570 3818 analogans
593 3737 719 3807 dicitur)
744 3737 878 3810 αόωὶιιιε,
892 3737 923 3798 in
948 3737 1009 3798 alio
1032 3757 1103 3800 vero
1129 3737 1230 3817 (quod,
1247 3738 1409 3819 analogum

311 3835 521 3898 secundarium
534 3835 582 3898 vel
603 3834 766 3915 analogum
787 3833 983 3914 analogatum
1002 3833 1128 3912 dieitur)
1145 3855 1198 3914 par
1211 3835 1409 3896 lenitudinem

312 3932 528 4012 dependentiae
548 3933 708 4012 etquidem
729 3933 916 3993 iutrimeom
936 3941 966 3992 et
986 3932 1162 3992 muliebre
1183 3931 1224 3991 ad
1248 3931 1346 3992 illud:
1367 3931 1410 3992 sic

313 4029 377 4091 Ena
389 4031 501 4092 dieitur
512 4030 551 4092 de
565 4025 631 4092 Dio
645 4043 675 4091 et
688 4030 726 4092 de
746 4039 892 4102 ornatura,
907 4029 945 4090 de
963 4028 1132 4090 substantia
1155 4037 1185 4089 et
1206 4027 1363 4100 accidenti,
1377 4039 1412 4088 nt

312 4147 365 4190 sno
379 4126 444 4188 loeo
458 4127 551 4189 fusius
565 4125 783 4188 videbimus.-

353 4225 437 4288 Inter
450 4225 503 4287 hos
516 4225 591 4286 duos
604 4225 709 4286 modus
719 4225 924 4288 attributionis
934 4234 1063 4304 quatuor
1073 4224 1257 4284 differentiae
1267 4222 1412 4284 adnotan-

313 4323 370 4386 dae
383 4333 461 4384 aunt
1313 4339 1323 4356 ·
