3118 4956
434 457 482 518 m
508 459 603 518 rma
624 457 730 518 aaa
757 424 938 536 opstante.
1082 511 1086 518 ,
1175 455 1228 515 271

128 649 223 710 inesse
234 650 396 712 huic-Et
406 653 477 731 quia
488 653 651 732 aliquando
662 652 776 732 aliquid
788 653 865 713 inest
875 651 1093 731 alicuipropter
1103 651 1231 730 aliquam

127 769 253 821 meream,
268 747 334 809 ideo
347 750 422 810 scire
436 750 519 810 illam
535 771 655 810 causam
671 759 714 810 cst
727 750 801 810 scire
810 755 932 829 propter
945 749 1043 830 quid?

169 846 277 906 “Patet
301 867 371 926 ergo
394 847 473 926 quod
498 847 572 906 scire
586 849 656 927 quio
677 855 717 907 est
730 847 768 907 de
789 846 892 926 aliqua
917 867 958 918 re,
972 861 1016 906 est
1037 845 1112 906 scire
1136 846 1229 924 ipsum

15 987 18 994 i
127 943 221 1002 inesse
234 943 335 1014 alicui,
350 943 516 1022 ignorando
537 963 667 1016 causam,
689 963 781 1022 quare
795 943 882 1016 insin
903 943 978 1003 scire
992 952 1092 1003 autem
1109 947 1231 1019 propter

126 1039 208 1120 qaid,
222 1041 354 1100 estscire
374 1039 506 1120 aliquam
523 1061 583 1100 rem
608 1041 701 1102 inesse
727 1040 828 1114 alicui,
842 1051 872 1100 et
895 1039 970 1100 scire
993 1059 1112 1100 causam
1138 1057 1231 1117 quare

125 1137 184 1196 sibi
213 1137 557 1204 insit—Demonstratio
585 1159 655 1217 ergo
678 1145 799 1217 propter
826 1137 897 1218 quid
924 1149 986 1198 est:
1008 1136 1090 1209 “illa,
1112 1137 1143 1195 in
1170 1155 1231 1214 qua
1256 1157 1258 1162 ·

125 1235 328 1312 manifestatur
341 1256 437 1308 mena,
452 1255 545 1314 quare
558 1235 764 1314 praedicatum
773 1235 852 1302 inest
860 1235 994 1312 subjecto
1002 1231 1229 1294 conclusionis.'’
1233 1277 1248 1312 ι

129 1333 354 1418 Demonstratio
370 1355 439 1394 vero
453 1337 523 1414 qnia
537 1346 581 1395 est
595 1333 665 1394 ills:
681 1335 732 1394 “in
746 1354 807 1413 qua
817 1333 1008 1393 concluditur
1023 1330 1226 1410 praedicatum

131 1431 225 1491 inesse
238 1431 371 1510 subjecto
391 1429 492 1503 alicui,
508 1451 565 1490 oon
582 1441 681 1491 tameo
697 1433 863 1508 myrtoum
877 1451 964 1488 rnuso
979 1447 1071 1508 quare
1084 1426 1140 1487 sibi
1156 1425 1231 1486 inest

129 1528 245 1588 ...vel
269 1527 375 1588 saltem
398 1548 457 1588 non
483 1527 616 1606 procedit
637 1547 675 1588 ex
700 1530 794 1587 cauam
816 1525 997 1598 mandute,
1017 1524 1068 1586 sed
1090 1521 1229 1582 remotr's.'’

130 1623 195 1702 (De
208 1624 270 1704 Syl.
286 1625 373 1685 Dem.
389 1647 413 1686 c.
429 1624 528 1702 11.)-

168 1723 234 1783 310.
277 1722 478 1783 Corollarium
490 1721 663 1784 I.-Omnis
673 1723 888 1783 demonstratio
902 1744 921 1780 o
930 1720 1085 1800 posteriori
1094 1727 1138 1778 est
1151 1720 1227 1797 qaia.

130 1817 353 1879 Demonstratio
368 1839 470 1880 veroa
487 1820 586 1897 priori
599 1829 671 1880 tunc
693 1830 809 1879 tanturn
825 1830 869 1878 est
883 1823 1005 1896 propter
1018 1815 1098 1896 qnid,
1113 1835 1181 1874 cum
1196 1812 1230 1873 fir

126 1937 182 1995 per
204 1918 366 1995 propriam,
382 1919 548 1995 mirream
575 1927 606 1977 et
632 1917 825 1997 mneqmlom
850 1935 970 1976 causam
1000 1914 1059 1984 rei;
1080 1931 1163 1972 secus
1189 1909 1229 1969 od

127 2013 409 2074 demonstrationem
434 2016 504 2094 quio
526 2014 694 2078 revocanda
708 2023 768 2074 est:
790 2033 870 2084 nam,
885 2011 1005 2091 cognita
1019 2027 1109 2069 causa
1121 2013 1228 2066 remota

128 2109 178 2182 rei,
194 2110 340 2170 nescimus
361 2111 480 2190 proprie
493 2131 545 2171 cur
558 2131 604 2171 res
617 2113 661 2183 sit,
677 2111 732 2170 nisi
747 2109 888 2190 petaliae
909 2106 1175 2168 demonstrationes
1189 2105 1227 2164 ad

125 2226 245 2266 causam
269 2226 362 2285 usque
380 2209 544 2284 proximam
567 2217 597 2268 et
617 2207 814 2267 immediatam
835 2206 1035 2268 deveniamus.
1076 2203 1126 2264 Sic
1148 2223 1176 2262 v.
1198 2224 1226 2282 g.

130 2303 276 2363 nescimus
290 2323 344 2362 cur
357 2304 417 2364 siat
431 2304 536 2384 pheses
551 2304 678 2377 lunares,
692 2305 717 2364 si
733 2304 871 2364 novimus
886 2303 1005 2363 Lunam
1028 2300 1195 2361 illuminari
1209 2321 1227 2360 a

127 2397 205 2472 Sole,
230 2399 287 2460 nisi
311 2400 401 2460 etiam
428 2401 597 2462 noverimus
622 2401 743 2462 Lunam
768 2421 829 2461 oese
852 2420 959 2479 corpus
982 2397 1170 2478 sphoericum
1199 2407 1228 2456 et

127 2497 305 2574 respectivas
319 2497 478 2576 positiones
492 2497 570 2557 inter
583 2497 692 2584 Solem,
707 2498 828 2558 Lunam
843 2506 873 2557 et
887 2496 1011 2556 Terram
1026 2495 1188 2555 variari.—

167 2593 233 2654 311.
276 2593 477 2654 Corollarium
493 2593 802 2655 IL-Demonstratio
815 2614 888 2654 vero
901 2615 921 2652 n
930 2593 1029 2671 priori
1042 2601 1115 2652 tuuc
1128 2591 1225 2651 solum

127 2687 219 2749 habet
241 2689 350 2762 locum,
365 2711 432 2750 cum
455 2691 531 2750 ratio
553 2693 712 2770 mdohpica
735 2691 966 2764 corrosisse
987 2690 1078 2750 etiam
1095 2691 1183 2767 prior
1196 2689 1227 2748 in

125 2785 230 2846 ordine
244 2785 340 2865 logico
354 2789 492 2848 stantior
505 2809 545 2861 re,
560 2789 644 2867 cujus
658 2799 702 2850 cst
715 2789 799 2850 ratio.

164 2882 231 2942 312.
273 2882 474 2944 Corollarium
503 2884 830 2946 III.-Demonstratio
857 2885 920 2945 sive
948 2907 967 2944 o
989 2885 1089 2962 priori
1112 2884 1176 2944 sive
1205 2905 1223 2943 a

125 2982 278 3056 posteriori
291 2981 322 3039 ia
338 2979 374 3041 iis
387 2981 574 3042 solummodo
594 2992 638 3043 est
660 2983 816 3062 possibilis,
830 3003 907 3062 quae
921 2982 1083 3042 rreoessario
1099 3001 1177 3040 nexu
1193 2983 1223 3040 ia

126 3075 230 3136 ordine
244 3077 332 3155 lapiso
347 3077 536 3156 copulantur,
550 3089 631 3140 etex
643 3101 678 3140 ea
691 3079 879 3140 solummodo
894 3089 989 3158 parte,
1003 3099 1041 3138 ex
1056 3099 1115 3157 qua
1130 3098 1224 3138 neces-

124 3171 203 3232 saria
231 3173 270 3232 ad
298 3172 427 3233 alterum
454 3176 600 3235 connexio
629 3175 764 3236 habetur.
805 3175 855 3236 Sic
883 3196 910 3236 v.
935 3197 963 3254 g.
988 3175 1225 3234 demonstramus

124 3271 301 3328 arietent-iam
309 3269 369 3330 Dei
383 3291 417 3330 ec
427 3271 576 3331 amicalia
589 3271 714 3342 manni&
729 3271 801 3351 qnia
814 3271 944 3332 muudus
954 3291 1014 3331 non
1023 3281 1119 3350 potest
1128 3289 1226 3350 proce

124 3367 202 3439 dere,
218 3367 273 3427 nisi
288 3387 307 3427 a
321 3366 403 3427 Deo:
425 3379 458 3428 at
472 3389 506 3428 en
519 3371 668 3428 munatio
689 3369 750 3430 Dei
763 3389 822 3430 non
846 3388 1000 3448 passurum
1022 3367 1132 3428 inferre
1156 3367 1225 3426 een-

124 3465 242 3522 tcatiam
264 3465 386 3532 mundi:
411 3464 482 3542 quia
504 3462 588 3524 Deus
610 3466 756 3524 mundum
783 3485 840 3525 non
866 3464 1037 3536 necessario,
1059 3463 1109 3523 sed
1134 3461 1225 3522 libere

128 3559 250 3620 creavit.

169 3655 237 3715 313.
280 3655 480 3717 Corollarium
504 3657 763 3720 IV.-Possumus
776 3660 920 3720 adhibere
934 3670 1093 3740 utramque
1106 3660 1226 3720 demon·

124 3753 308 3824 strationem,
319 3755 440 3832 quando
450 3777 497 3815 sc:
512 3776 550 3815 ex
565 3757 669 3816 effectu
681 3757 801 3816 confuse
810 3759 929 3836 cognito
938 3757 1092 3835 arguimus
1103 3777 1223 3818 causam

126 3851 209 3911 istius
223 3851 342 3910 effectos
356 3863 386 3911 et
400 3873 437 3911 ex
452 3873 542 3914 carisa
557 3853 631 3914 bene
645 3853 766 3932 cognita
778 3853 964 3932 regredimur
977 3853 1016 3913 ad
1030 3855 1176 3926 effectum,
1192 3863 1226 3914 ut

122 3947 211 4026 hujus
236 3949 396 4027 pleniorem
426 3949 626 4028 cognitionem
650 3939 822 4010 habeamus.
865 3949 1048 4030 Hujusmodi
1072 3973 1224 4031 processus

121 4043 233 4104 dicitur
253 4048 412 4119 circularis,
425 4067 475 4106 seu
497 4047 710 4107 demonstratio
730 4048 896 4126 repressioo,
917 4067 995 4126 quae
1013 4068 1225 4127 saepenumero

122 4141 280 4202 utilissima
294 4153 338 4204 cst
351 4143 390 4204 ad
404 4143 595 4204 scientificam
606 4143 806 4222 cognitionem
814 4144 851 4204 de
860 4155 978 4220 natura,
990 4145 1222 4225 proprietatibus

123 4261 159 4300 ac
180 4240 405 4318 pulchritudine
426 4242 546 4302 effectus
568 4241 809 4322 adipiscendam
830 4243 872 4302 sic
897 4263 925 4304 v.
950 4264 978 4321 g.
1005 4253 1161 4322 postquam
1184 4263 1221 4303 ex
1254 4259 1267 4287 ⁸
1373 4287 1380 4298 .

124 4337 228 4397 ordine
251 4339 355 4398 mundi
370 4338 505 4399 divinam
520 4340 696 4418 sapientiam
719 4339 889 4400 Architecti
911 4340 1222 4415 demonstraverimus,
