3172 4950
307 439 345 497 ll
801 440 920 520 Loqiou.

306 632 419 705 lurtive,
431 643 463 696 at
474 634 628 714 analogice
638 635 676 696 de
687 635 753 697 Deo
763 645 793 697 et
803 646 950 709 creatura,
961 635 998 698 de
1014 636 1189 698 Substantia
1206 649 1235 700 et
1252 637 1406 700 accidente

307 733 507 811 praedicatur,
521 743 565 794 est
589 733 854 796 camdenum.
895 734 953 796 Sed
968 735 1006 796 de
1029 735 1076 796 bis
1099 736 1192 796 fusius
1207 737 1406 816 inquestione

306 829 491 908 sequenti-
522 851 524 858 ¹
1369 835 1370 838 ’

580 1041 624 1084 Dii
644 1041 795 1086 Tanutn'o
817 1043 919 1087 unam
941 1043 982 1086 m·
1004 1043 1128 1087 noulco.

346 1219 393 1279 26.
435 1218 592 1280 Terminus
605 1219 693 1280 realia
706 1219 758 1280 ille
771 1231 833 1281 est:
855 1220 926 1300 “qui
940 1220 1089 1299 objectum
1104 1219 1184 1280 reale
1197 1232 1227 1280 et
1240 1219 1403 1280 morandum

307 1317 477 1395 praedicata
501 1316 593 1377 realia
615 1315 786 1396 exprimit.’'
828 1317 954 1396 Lopieus
975 1337 1045 1378 veru
1071 1326 1131 1378 est:
1162 1317 1232 1396 “qui
1254 1315 1403 1396 objectum

266 1443 274 1458 ·
306 1413 434 1492 logicum
457 1424 487 1474 et
508 1413 670 1474 secundum
694 1413 867 1494 praedicata
891 1413 988 1495 logica
1012 1414 1183 1494 exprimit.”
1226 1413 1405 1475 Praedicata

305 1509 398 1570 realia
421 1508 475 1569 illa
498 1507 626 1588 appello,
640 1529 717 1589 quae
737 1509 852 1589 objecto
872 1511 1055 1572 conveniunt
1068 1509 1100 1570 in
1114 1509 1218 1571 ordine
1239 1509 1323 1583 reali,
1337 1511 1355 1571 i.
1370 1531 1405 1581 e.,

303 1605 466 1667 secundum
481 1605 561 1685 qnod
576 1605 607 1665 in
621 1627 651 1666 se
665 1616 724 1666 est:
746 1605 920 1696 praedicata
940 1617 1041 1668 autem
1058 1607 1150 1686 loprba
1164 1605 1219 1667 illa
1233 1607 1404 1678 denomino,

305 1723 381 1783 quae
396 1703 510 1783 objecto
524 1715 698 1784 competunt
712 1704 743 1764 in
758 1705 862 1766 ordine
882 1704 988 1786 logico,
1000 1704 1019 1766 i.
1034 1725 1058 1766 a.
1068 1704 1231 1767 seeundum
1244 1705 1324 1785 quod
1338 1705 1406 1778 sub

304 1811 364 1860 stat
378 1801 541 1880 cognitioni
556 1801 685 1862 reflexae
701 1802 815 1863 mentis.
858 1803 929 1880 Qua
943 1803 974 1863 in
984 1821 1016 1864 re
1027 1801 1246 1864 observandum
1258 1811 1311 1876 est,
1324 1823 1406 1886 men·

304 1911 364 1959 tenr
380 1899 556 1972 humanum,
571 1909 728 1978 postquam
744 1901 808 1980 ipsa
828 1900 978 1980 objectum
999 1900 1131 1981 aliquod,
1146 1911 1221 1980 puta
1234 1900 1405 1961 humanita-

305 2007 363 2055 tem
380 1995 426 2055 vel
449 1995 677 2069 animalitatem,
692 1996 796 2057 directa
818 1997 999 2076 cognoverit,
1014 2017 1097 2078 posse
1116 1997 1148 2059 in
1170 1998 1224 2059 bos
1244 2008 1405 2076 conceptus

305 2093 436 2171 objectae
459 2093 603 2172 inspectos
625 2097 668 2172 (n.
692 2094 754 2172 13.)
779 2094 937 2169 reflectere,
960 2115 1068 2174 eosque
1089 2094 1285 2166 considerare,
1308 2094 1403 2154 veluti

304 2190 447 2268 qunsdam
464 2190 583 2264 formas,
597 2211 674 2270 qnae
687 2191 725 2252 de
739 2190 876 2271 pluribus
889 2191 953 2253 sire
967 2191 1140 2265 individuis,
1153 2191 1218 2253 sive
1238 2190 1400 2270 speciebus,

306 2287 471 2367 praedicari
500 2299 631 2368 possunt.
673 2289 757 2351 Hinc
785 2289 1040 2351 denominationes
1064 2289 1211 2370 quaedam
1240 2288 1404 2370 profluunt,

306 2393 379 2464 puta
392 2385 511 2463 δροωῗεὶ,
532 2385 661 2458 Generis,
677 2385 877 2465 Drffcrcntiuc,
886 2393 934 2448 etc.
949 2407 1026 2466 quae
1039 2406 1100 2448 non
1114 2385 1297 2448 conveniunt
1308 2385 1406 2458 rebus,

306 2491 394 2561 prout
417 2482 474 2542 hae
494 2483 609 2544 suntin
623 2503 655 2543 se
677 2483 756 2562 ipsis,
770 2481 820 2543 sed
844 2492 934 2563 prout
957 2483 1072 2544 suntin
1091 2481 1195 2543 ordine
1216 2480 1307 2542 ideali
1322 2492 1352 2543 ct
1365 2481 1404 2542 ab

306 2578 457 2639 intellectu
472 2581 573 2660 reflare
587 2587 813 2658 cognoscuntur.
1250 2637 1256 2650 ,

345 2673 480 2754 Uterque
505 2684 589 2736 actus
613 2675 742 2736 directus
766 2674 879 2736 scilicet
892 2684 922 2736 et
942 2673 1080 2748 reflexus,
1101 2673 1221 2735 treenta
1246 2673 1401 2735 intellecta

306 2780 513 2850 nuncupatur:
535 2771 655 2831 intentio
670 2769 801 2850 quidem,
820 2771 892 2851 quia
913 2769 1081 2832 intellectus
1094 2789 1149 2830 sua
1169 2767 1337 2850 cognitione
1361 2770 1407 2828 in·

305 2859 397 2926 tendit
411 2865 631 2946 quodammodo
644 2885 675 2927 se
689 2865 720 2926 in
734 2865 898 2946 objectum:
913 2865 1056 2928 intellude
1069 2886 1149 2938 vero,
1158 2865 1230 2945 quia
1244 2875 1405 2944 conceptus

304 2986 364 3026 non
378 2965 541 3045 subjective
554 2964 605 3025 sed
619 2964 764 3045 objectiva
775 2964 980 3026 consideratur
991 2965 1056 3044 (nn.
1069 2965 1116 3026 12.
1130 2963 1193 3038 13.)
1234 2963 1404 3044 Conceptus

306 3071 406 3122 autern
417 3061 556 3134 directus,
572 3071 675 3140 utpote
688 3061 811 3141 primus,
825 3061 946 3122 iratottio
955 3062 1073 3141 primm
1088 3060 1216 3122 reflexus
1227 3079 1307 3133 vcro,
1319 3069 1410 3139 utpo-

308 3173 335 3221 te
349 3159 402 3239 qni
416 3159 546 3239 primum
561 3161 702 3240 supponit
715 3159 972 3241 subsequiturque,
983 3161 1104 3222 intentio
1117 3159 1245 3220 securada
1254 3179 1407 3238 nuncupa-

304 3267 363 3317 tur.
405 3257 451 3318 Cf.
466 3256 489 3317 si
505 3255 604 3336 placet
618 3257 709 3319 Aust.
723 3278 752 3319 n.
768 3275 806 3319 11.
820 3257 935 3319 Introd.
951 3255 1090 3338 logicae.

498 3469 542 3510 DE
562 3467 713 3511 multuo
733 3469 900 3512 Ansonuuo
922 3469 962 3511 nr
983 3465 1221 3511 CONNOOEATIVO.

350 3645 397 3706 27.
439 3643 596 3704 Terminus
611 3641 755 3703 αόεοῐειίεε
768 3641 821 3703 ille
834 3653 894 3704 est:
909 3643 980 3722 “qui
990 3641 1118 3704 formam
1129 3661 1180 3702 seu
1192 3640 1404 3721 perfectionem

311 3741 454 3821 aliquam,
469 3751 623 3819 tamquam
639 3759 731 3820 perse
744 3749 873 3801 stantem
884 3738 1034 3820 significat
1044 3739 1068 3813 ;'’
1090 3739 1152 3801 sive
1167 3738 1240 3799 haec
1254 3737 1352 3798 forma
1366 3735 1405 3796 sit

306 3837 483 3911 substantia,
498 3847 532 3898 ut
546 3837 645 3911 bomo,
659 3837 722 3898 sive
735 3836 774 3897 sit
788 3837 934 3911 accidens,
945 3848 980 3899 ut
993 3836 1154 3917 Sapientia.
1202 3836 1408 3898 Οοπηοῑαίἱιειε

306 3957 377 3996 vero
390 3945 449 3996 est:
473 3933 551 4008 “ille,
573 3933 625 4013 qni
648 3933 775 3994 formam
799 3933 933 4013 aliquam
958 3933 1006 3994 vel
1028 3931 1243 3995 accidentalem
1266 3932 1315 3993 rel
1339 3929 1407 3992 sub

307 4030 488 4104 stantialem,
499 4039 654 4109 tamquam
665 4028 798 4110 subjecto
808 4031 898 4092 alicui
911 4030 1096 4111 adjacentem
1110 4029 1285 4109 significat.'’
1316 4027 1408 4090 Unde

296 4129 434 4188 'formam
447 4127 597 4207 significat
610 4137 640 4188 et
653 4126 743 4188 simul
754 4135 887 4189 connotat
897 4126 1081 4208 Subiectum,
1096 4128 1126 4188 in
1142 4147 1201 4207 quo
1215 4127 1290 4188 haec
1306 4127 1408 4187 forma

306 4226 466 4301 iuvenitur,
481 4237 571 4306 atque
585 4225 695 4288 idcirco
709 4227 919 4289 connotativus
932 4227 1062 4288 dicitur:
1083 4247 1113 4290 v.
1127 4249 1165 4306 g,
