3118 4956
327 441 384 501 acc
664 491 669 501 .
829 440 947 518 myas.

365 637 451 698 Dico
471 637 752 698 I.-Demormtrotio
772 645 830 696 est:
851 637 1090 713 “urpumentutia
1115 655 1173 714 par.
1201 657 1236 694 aa:
1257 635 1424 713 praemissis

324 737 406 794 certis
417 743 443 795 et
456 736 633 796 evidentibus
640 743 716 796 Μία
725 743 751 795 et
758 734 872 794 cuidam
885 737 1011 811 injcrlur
1021 733 1230 794 oottcluaio.”—
1236 732 1424 810 Quamobrem

325 835 511 910 praemissae,
525 841 620 912 upote
634 854 736 893 consuo
750 833 947 902 conclusionis,
964 833 1079 908 priores
1092 851 1126 888 oo
1139 831 1263 888 notiores
1276 835 1343 887 sunl
1363 849 1425 885 con-

324 931 498 992 clusionc—
592 921 596 930 ⁴

366 1127 433 1188 304.
476 1127 536 1188 Pro
558 1125 758 1205 intelligentia
780 1123 948 1184 assertionis
968 1119 1299 1198 adnom-Propositio
1322 1117 1423 1195 aliqua

325 1222 435 1282 dicitur
457 1223 579 1294 audete,
593 1243 660 1282 curn
684 1223 776 1300 ipsius
790 1219 900 1280 veritas
922 1218 956 1278 fit
978 1219 1068 1279 menti
1096 1218 1260 1277 manifesta.
1303 1214 1425 1276 Veritas

325 1328 424 1377 autern
440 1317 648 1397 propositionis
659 1328 731 1378 tunc
746 1316 835 1376 menti
848 1315 1062 1385 lit-manifesta,
1074 1335 1141 1373 curn
1154 1313 1246 1372 menti
1258 1311 1425 1374 innotescit..

325 1434 382 1473 non
399 1414 487 1474 modo
509 1435 571 1474 rem
594 1415 637 1474 ita
659 1434 689 1474 se
711 1413 829 1484 habere,
844 1411 1094 1491 quenadmodum
1119 1431 1172 1489 per
1193 1409 1423 1488 propositionem
1530 1411 1531 1488 ]

324 1511 510 1584 enunciatur,
533 1511 597 1571 sive
621 1511 795 1591 offimuotioe,
819 1509 882 1569 sive
906 1511 1044 1586 nepetino,
1067 1507 1116 1568 scd
1142 1507 1232 1566 etiam
1257 1525 1317 1565 non
1343 1525 1425 1584 posse

325 1605 413 1666 aliter
433 1627 464 1666 se
491 1606 610 1679 habere,
633 1607 774 1666 nimirum
802 1607 846 1666 ita
873 1625 903 1664 so
930 1605 1049 1676 habere,
1072 1618 1106 1664 ut
1133 1603 1225 1682 ipsius
1253 1602 1422 1698 oppositum

233 1784 234 1787 Ἴ
325 1713 470 1780 repugnet
485 1703 527 1779 (n.
545 1701 636 1780 165.)1
679 1701 884 1778 Quamobrem
906 1700 1067 1779 propositio
1081 1700 1138 1760 erit
1158 1699 1289 1771 evidens,
1304 1699 1425 1776 quando
1530 1693 1531 1738 l

326 1797 418 1858 menti
431 1798 466 1860 lit
481 1799 670 1858 manifestum
692 1798 851 1876 objectum,
866 1797 945 1876 quod
959 1817 1013 1876 ¹per
1033 1796 1263 1874 propositionem
1286 1794 1425 1854 enuncia·

325 1903 383 1966 tur,
405 1897 563 1956 necessario
586 1916 617 1955 sc
639 1893 758 1955 habere.
800 1893 983 1973 Hujusmodi
1006 1905 1106 1953 autem
1131 1892 1289 1952 nenessitas
1312 1889 1423 1970 duplex

326 2003 385 2062 est;
415 1987 545 2052 commu
571 2013 621 2052 sc:
650 2004 681 2052 et
707 1991 891 2069 hypothetica.
934 1989 1075 2050 Absoluta
1103 1989 1259 2049 necessitas
1288 1987 1425 2051 habetur.

326 2088 455 2166 quando,
469 2088 550 2149 facta
560 2108 748 2167 quacumque
763 2088 919 2167 hypothesi
934 2099 964 2147 ct
977 2085 1185 2147 antecedenter
1198 2084 1236 2145 ad
1252 2103 1423 2163 quamcum-

264 2177 269 2188 '
326 2204 384 2263 que
398 2186 595 2264 hypothesim,
609 2185 783 2264 Subjectum
807 2185 954 2262 nequitae
977 2183 1095 2254 hahere,
1110 2182 1164 2242 nisi
1192 2193 1225 2241 ut
1246 2179 1424 2241 enunciatnr

326 2303 378 2360 per
393 2283 615 2362 praedicatum:
638 2282 813 2361 hypothetico
828 2303 897 2342 vero
918 2281 1075 2341 necessitas
1096 2273 1369 2357 habetur‚'quando
1380 2297 1424 2336 res

326 2381 429 2459 nequit
439 2379 594 2441 sehabere
608 2379 696 2440 alitor
709 2399 745 2439 ac
759 2381 946 2450 enunciatur,
957 2377 1011 2438 nisi
1028 2387 1145 2438 tanturn
1160 2387 1267 2449 stante,
1280 2375 1328 2435 vel
1344 2373 1422 2434 facte

325 2479 428 2558 aliqua
443 2478 599 2557 hypothesi
615 2479 679 2555 (nn.
696 2477 762 2537 138.
776 2476 797 2536 l.
812 2483 862 2552 c).
903 2475 953 2536 Sic
967 2497 995 2535 v.
1010 2497 1038 2554 g.
1053 2459 1127 2534 haec
1142 2473 1319 2553 propositio:
1342 2473 1424 2549 “Qui

324 2579 414 2639 currit
427 2583 552 2636 mooetm
560 2575 587 2647 ;”
608 2585 652 2636 cst
666 2575 791 2635 obsolute
804 2575 984 2644 necessaria3
1005 2593 1074 2632 nam
1090 2581 1188 2632 motus
1198 2583 1242 2632 est
1255 2571 1291 2631 de
1305 2573 1423 2632 maio

324 2693 443 2735 cursus:
465 2681 589 2733 atvero
611 2671 782 2750 propositio,
803 2690 864 2749 qua
885 2669 1027 2730 suuncio:
1050 2668 1183 2729 “Sortem
1207 2668 1322 2728 moveri
1334 2668 1361 2739 ;”
1382 2681 1422 2727 est

325 2780 442 2831 tautum
471 2767 644 2846 hypobolice
667 2767 839 2838 necessaria,
863 2787 910 2826 sc:
939 2765 1020 2826 facta
1045 2765 1211 2844 hypothesi,
1239 2765 1318 2844 quod
1344 2765 1423 2842 “ipsc

326 2865 454 2927 currat.”
604 2925 606 2930 ,

366 2961 497 3038 Quando
512 2961 605 3039 igitur
620 2963 766 3020 necessitas
786 2959 913 3038 alicujus
934 2958 1150 3038 propositionis,
1164 2959 1228 3018 sive
1246 2956 1375 3016 absoluto
1388 2977 1421 3015 oa

326 3060 374 3131 sit,
387 3058 451 3118 sive
472 3055 656 3134 hypothetico,
679 3076 732 3134 per
750 3055 916 3134 legitimum
943 3075 1027 3113 usum
1051 3053 1230 3113 facultatum
1254 3061 1420 3112 nostrarum

326 3159 386 3228 isc:
409 3153 640 3232 Intelligentiac,
654 3152 874 3225 sensibilitatis,
888 3151 1103 3223 Conscientiae,
1118 3149 1271 3225 Rationis)
1285 3150 1324 3227 fit
1337 3151 1423 3208 menti

325 3252 485 3331 manifesto,
499 3251 661 3330 propositio
682 3249 793 3310 dicitur
807 3249 929 3322 euidens,
943 3261 1034 3327 atque
1052 3248 1138 3308 illum
1153 3256 1264 3307 statum
1280 3246 1310 3305 in
1326 3257 1422 3305 mente

326 3351 473 3430 producit,
487 3349 539 3427 qui
559 3347 705 3410 &uuam
719 3356 919 3425 nuncupatur.
962 3345 1018 3406 Est
1031 3347 1109 3406 enim
1121 3343 1294 3404 Certitudo:
1316 3343 1421 3402 “firmi-

326 3459 371 3507 tas
387 3445 523 3524 judicii,’'
537 3463 587 3504 seu
603 3443 704 3522 “quies
718 3443 825 3503 mentis
839 3443 870 3502 in
886 3443 1063 3521 possessione
1077 3441 1238 3502 veritatis.”
1281 3439 1422 3499 Facultas

326 3553 425 3606 autem
442 3539 646 3619 cognoscitiva
659 3539 714 3599 hoc
729 3539 792 3618 ipso
806 3539 885 3618 quod
900 3537 1047 3617 objectum
1069 3537 1327 3616 proportionatum
1343 3557 1423 3616 prae·

325 3659 391 3698 sens
405 3637 504 3709 habet,
518 3637 545 3696 ei
560 3636 712 3708 adhaeret,
727 3636 756 3694 in
772 3655 865 3713 eoque
875 3635 1063 3714 conquiescit,
1074 3633 1220 3713 siquidem
1231 3653 1266 3694 eo
1280 3633 1421 3712 pervenit.

326 3755 385 3814 quo
413 3733 563 3803 tendebat,
586 3730 837 3811 quemadmodum
866 3731 896 3789 in
926 3730 1029 3792 mobili
1057 3740 1150 3790 cessat
1175 3741 1281 3800 motus,
1306 3739 1422 3808 arrepto

327 3831 462 3892 termino.
1100 3879 1104 3888 .

366 3927 459 3987 Hisce
471 3927 652 4005 praenotatis
661 3926 766 3984 verdae
776 3935 806 3985 et
819 3923 1118 3985 bonitosdelinitionis
1130 3924 1258 3984 traditae
1272 3921 1421 4002 probatur.

328 4024 504 4103 -ruquou
521 4043 582 4082 rem
597 4021 687 4082 arten
704 4005 871 4082 elidentem
886 4021 1043 4094 faciteam
1058 4021 1103 4080 tin
1119 4021 1301 4082 demonstra.
1331 4019 1421 4099 aaut
1509 4017 1513 4028 ’

327 4121 504 4200 praemissae
518 4117 669 4179 evidentes
683 4117 901 4178 conclusionem
916 4117 1032 4178 faciunt
1044 4117 1221 4178 evidentem.
1264 4116 1347 4195 Ergo
1360 4136 1421 4175 earn

329 4219 419 4278 menti
435 4217 637 4276 demoomtroat.
681 4215 781 4294 Major
792 4216 893 4293 negari
905 4215 1015 4294 nequit.
1059 4213 1209 4274 Probatur
1220 4215 1326 4274 minor.
1368 4213 1422 4273 De·

328 4315 503 4375 monstratio
517 4324 561 4373 est
574 4313 795 4392 argumentatio
802 4313 967 4390 jomnult'ter
980 4325 1071 4382 recta,
1085 4325 1297 4390 consequenter
1310 4310 1421 4372 conclu·
