3118 4956
390 487 391 492 κ
454 443 501 503 De
528 443 623 502 Tertia
646 441 754 501 Monuit
780 440 960 519 θροναίίοηο.
1198 438 1254 497 217

329 643 339 744 3
358 637 478 730 Aliquis
491 591 589 698 mou
601 649 645 697 st
667 636 845 729 nemus
858 636 897 696 ar
914 635 1094 705 visanum

333 747 336 752 ¹
357 719 463 779 Otunrs
477 718 574 778 ocellus
587 729 631 778 est
647 737 716 796 pars
730 729 851 794 captus:

326 757 471 878 iAliqua
494 817 561 877 pars
576 797 681 876 capitis
694 807 738 857 est
759 794 921 856 necessaria
942 792 980 855 ad
1002 791 1173 876 videndum.

152 943 197 990 est
211 930 242 989 in
268 929 406 1008 Diremit,
421 939 450 988 et
475 940 573 988 temen
600 927 719 1007 probari
746 929 848 1007 nequit
871 929 1050 1006 aperitione.
1094 925 1174 986 Num
1196 925 1252 984 sub

145 1027 249 1088 medio
257 1029 378 1086 termino
393 1027 496 1104 nequit
509 1026 604 1104 accipi
619 1025 741 1104 aliquod
755 1027 914 1102 dapsilem,
927 1025 1041 1086 ratione
1055 1025 1147 1104 cujus,
1158 1025 1252 1103 maj0r

154 1124 316 1202 propositio
329 1123 368 1183 sit
382 1143 470 1194 νοτες
491 1123 734 1202 quandoquidem
750 1138 803 1184 nec
817 1121 914 1182 datter·
928 1121 1026 1182 oculas
1039 1133 1083 1182 est
1097 1121 1252 1182 necessari-

154 1241 187 1280 us
202 1221 241 1280 ad
264 1220 437 1290 videndum,
452 1237 519 1280 cum
542 1221 662 1281 sinistro
676 1239 794 1280 cernere
818 1219 943 1298 pomimt
964 1235 1018 1280 non
1039 1223 1162 1291 moialem
1183 1239 1253 1278 cum

151 1319 261 1378 'dextro
283 1338 401 1378 cernere
415 1338 530 1396 queam.

196 1413 507 1494 Respondes-Nego
531 1415 817 1493 assumpturus-Ad
844 1414 1049 1492 probationem
1073 1414 1255 1492 distingueri-

50 1540 54 1548 ‚
153 1514 227 1573 dum
241 1524 292 1574 est
336 1512 435 1592 Major
456 1511 617 1592 propositio
639 1521 734 1590 potest
750 1511 858 1570 habeta
872 1509 1023 1589 duplicem
1038 1529 1175 1570 sensnm:
1197 1510 1253 1568 ‹lis-

143 1613 310 1689 janctioum
318 1632 357 1670 sc:
369 1609 415 1671 vel
428 1610 603 1688 dipunrlum
614 1611 656 1686 (n.
672 1605 761 1684 100.).
778 1607 977 1686 Quantum
986 1616 1045 1668 est:
1060 1607 1141 1667 “Hic
1152 1607 1256 1668 oculus

153 1719 195 1768 est
221 1707 399 1768 neccesarius
420 1707 459 1768 ad
484 1705 657 1776 videndum,
673 1713 728 1765 ant
748 1703 799 1764 ille
824 1701 928 1764 siculus
947 1713 991 1765 est
1012 1705 1191 1765 necessarius
1215 1705 1254 1766 ad

154 1800 347 1864 videndumst*
377 1801 446 1864 Hoc
460 1813 548 1881 panto
556 1800 698 1880 exposita
711 1799 876 1880 propositio
889 1811 934 1860 est
947 1800 1041 1861 falsa:
1056 1801 1128 1880 quio
1143 1809 1255 1860 utrom-

153 1922 210 1980 que
238 1899 444 1979 disjunctionis
473 1899 638 1959 membrum
665 1911 712 1958 est
736 1897 852 1957 falsum.
896 1897 1068 1976 Dtity'umdua
1094 1911 1154 1958 est:
1187 1898 1254 1957 “hin

153 1997 268 2068 oculus,
282 1997 330 2057 vel
346 1996 396 2056 ille
410 2007 454 2056 est
475 1995 655 2055 necessarius
669 1994 708 2054 sd
724 1993 886 2054 videndum
898 1995 924 2052 :’'
946 2004 977 2054 et
990 1994 1039 2054 hic
1052 2015 1153 2055 sensus
1169 2015 1254 2054 verus

155 2105 217 2153 est:
239 2094 384 2172 siquidem
399 2091 601 2172 indifferenter
614 2103 644 2152 et
654 2091 879 2168 jnddmrnitmle
891 2092 971 2152 alter
983 2093 1088 2152 oculus
1102 2103 1146 2152 est
1161 2113 1256 2152 neres

151 2191 249 2250 sarius
270 2190 310 2250 ad
333 2189 504 2250 videndum.
546 2188 578 2249 Si
601 2189 694 2266 igitur
718 2190 812 2266 major
837 2189 998 2267 propositio
1024 2188 1115 2249 habet
1135 2209 1252 2249 sensum

154 2287 366 2364 atteret-tuor,
381 2296 415 2346 ut
429 2305 467 2345 cx
483 2285 574 2364 ipsius
587 2285 685 2345 forma
700 2285 810 2346 habere
826 2285 992 2363 judicatur,
1007 2286 1198 2364 syllogismus
1211 2297 1255 2347 sat

156 2385 258 2462 utiquc
273 2385 302 2442 in
318 2383 458 2454 [liminis
474 2394 573 2442 tamen
589 2383 730 2460 quoniam
747 2383 811 2460 ipsa
832 2381 907 2442 falsa
922 2382 987 2456 erit,
1003 2381 1073 2442 hinc
1087 2383 1129 2454 ut,
1144 2393 1252 2443 utnon

149 2481 243 2556 ,litreat
255 2481 311 2540 sub
325 2479 458 2559 subjecto
472 2480 534 2558 ejus
547 2499 663 2538 sumere
676 2478 829 2556 singulare
841 2479 1019 2557 subjectum,
1033 2480 1082 2539 cui
1097 2481 1255 2540 conveniat

154 2579 367 2656 praedicatum.
402 2578 455 2639 Sin
466 2588 568 2638 autem
579 2579 644 2656 ipsa
654 2577 830 2655 dr'p'unctam
839 2597 957 2637 sensum
974 2577 1083 2638 habere
1093 2588 1252 2650 statuatur,

154 2675 315 2754 propositio
335 2675 393 2735 erit
413 2674 532 2754 quidem
555 2693 635 2746 vera,
652 2673 702 2732 sed
725 2693 783 2734 non
804 2672 911 2734 efficiet
934 2673 1160 2753 syllogismum:
1183 2697 1252 2736 nant

152 2771 313 2850 propositio
324 2771 523 2850 particularis,
532 2789 610 2850 quae
620 2773 659 2832 ab
674 2769 835 2831 Aristotele
844 2772 884 2830 ad
895 2771 1110 2832 eliormaudum
1122 2769 1256 2852 syllogls

153 2889 233 2928 mum
256 2869 426 2940 assumitur,
440 2869 501 2928 imo
522 2889 599 2947 quae
617 2871 740 2947 proprio
760 2881 790 2928 et
812 2869 979 2946 simpliciter
992 2879 1036 2929 est
1054 2871 1253 2947 potuemus,

152 2967 242 3027 debet
263 2965 373 3026 habere
385 2986 502 3026 sensum
517 2965 731 3044 disjunctivam.

194 3063 270 3124 255'.
300 3064 453 3140 Quoniam
465 3065 503 3124 de
512 3063 685 3144 syllogismo
696 3064 876 3144 expositoria
887 3066 968 3126 iacta
981 3075 1024 3125 est
1039 3067 1252 3145 mentimjuvc·
1289 3081 1291 3088 ’

151 3162 201 3234 rit,
213 3181 267 3240 pro
289 3161 506 3240 complemento
520 3161 682 3234 doctrinae,
696 3161 812 3241 aliquid
826 3155 863 3222 de
878 3159 970 3241 ipsius
985 3174 1134 3223 naturast
1148 3163 1251 3222 l'ormis

152 3257 269 3319 addere.

194 3355 249 3417 Est
281 3357 381 3436 itaque
409 3353 599 3435 syllogismus
628 3359 815 3434 caponltcrt‘as
837 3355 896 3429 ille,
923 3357 974 3435 qul
1000 3355 1097 3416 modio
1123 3359 1250 3417 termino

151 3453 300 3532 sinpalmi
319 3462 451 3514 constat:
474 3452 642 3532 diciturque
655 3454 850 3532 apponius-ius,
867 3454 1015 3533 quierem
1030 3451 1250 3532 quodammodo

154 3550 238 3628 ponit
247 3548 307 3615 sub
321 3549 439 3622 oculos;
459 3558 490 3611 et
503 3551 575 3628 quis
588 3550 727 3610 naturale
739 3561 784 3611 att
804 3551 931 3610 teunino
943 3550 1100 3629 singulari,
1116 3561 1149 3611 nt
1162 3551 1251 3630 subji-

152 3647 259 3719 cietur,
274 3647 385 3708 idcirco
399 3647 430 3706 in
445 3648 534 3708 tertia
547 3647 644 3727 figura
658 3645 757 3708 locum
772 3648 930 3727 praecipue
944 3647 1066 3710 obtinet

191 3742 224 3804 si
239 3755 356 3822 praeter
365 3743 492 3804 medium
502 3744 688 3822 tippulae-em,
701 3755 858 3823 utramque
873 3740 1064 3824 praemissam
1074 3747 1251 3824 sinpulorem

151 3841 300 3912 hebuerit,
314 3839 430 3901 duobus
451 3839 546 3900 modis
570 3837 600 3900 in
625 3837 650 3900 l.
671 3839 785 3919 ligura;
807 3841 929 3901 lotidem
952 3839 982 3900 iu
1006 3836 1043 3914 3;
1065 3837 1161 3903 tribua
1183 3857 1252 3904 vero

151 3937 248 3997 modis
262 3937 292 3996 in
308 3937 335 3997 2.
350 3935 515 3998 concludet.
