3138 4956
809 440 927 518 mass.

319 632 441 704 factum,
456 654 514 712 qua
528 634 593 705 tole,
607 633 788 694 exhibeant:
810 633 953 694 differunt
967 633 1082 694 veroin
1097 653 1141 704 eo,
1155 631 1234 711 quod
1260 631 1343 709 prior
1356 631 1418 708 (soz

315 731 450 806 interca)
466 730 622 790 clariorem
637 730 912 809 distinctioremque
926 730 1074 802 notitiam,
1088 749 1178 808 quam
1194 728 1340 807 posterior
1355 729 1415 803 (soz

205 905 210 914 .
314 828 445 900 emersa)
461 827 612 907 praebent,
627 837 661 888 ut
674 849 727 906 per
740 849 770 888 se
784 837 827 888 est
842 827 1082 888 manifestum.—

349 923 394 984 Ut
402 933 502 984 antem
515 923 683 984 observatio
693 933 771 984 recte
782 924 931 1002 procedet,
941 923 1089 983 servanda
1099 931 1169 982 sunt
1179 921 1247 981 tria.
1263 919 1414 979 Primum:

316 1021 344 1078 iu
360 1020 616 1081 observationibus
638 1021 815 1100 peragendis
828 1022 905 1080 seria
918 1031 948 1081 et
963 1041 1021 1080 non
1044 1021 1211 1098 interrupta
1234 1017 1415 1079 abhibeutur

315 1118 448 1188 attentio,
463 1128 497 1177 ut
511 1116 597 1190 nihil,
611 1117 690 1195 quod
705 1117 744 1177 ad
758 1126 895 1177 exactam
917 1117 1063 1177 factorum
1079 1115 1277 1194 cognitionem
1295 1113 1414 1192 requiri-

316 1227 373 1286 tur,
385 1213 761 1274 omittatur-Secundum
773 1213 938 1274 :—Secerni
954 1214 1042 1274 debet
1056 1213 1214 1291 objectum,
1223 1213 1306 1290 quod
1320 1210 1414 1271 obser-

317 1323 413 1382 vetur,
428 1311 467 1370 ab
481 1310 526 1381 iis,
540 1311 839 1388 quaecircumstant;
862 1331 898 1370 ne
920 1311 996 1371 forte
1017 1311 1097 1389 quod
1120 1309 1242 1370 aliunde
1266 1309 1412 1387 provenit,

317 1408 370 1486 ipsi
400 1405 859 1468 tribuatur.-Tertium:-Ubi
880 1417 980 1468 autem
1003 1407 1135 1467 dilucide
1164 1417 1349 1485 perspectum
1372 1416 1414 1464 est

316 1503 386 1582 quid
401 1505 520 1583 proprie
533 1503 572 1564 ed
587 1503 734 1583 objectum
757 1505 922 1583 pertineat;
942 1513 1007 1565 turn
1023 1505 1142 1564 demum
1157 1503 1279 1583 plenum
1294 1513 1325 1561 et
1337 1501 1414 1562 suffi-

316 1603 394 1662 ciens
408 1619 529 1661 casuum
547 1600 742 1678 peculiarium
757 1621 882 1660 examen
899 1600 1114 1662 instituendum
1125 1610 1177 1670 est,
1189 1598 1416 1678 observatioque

317 1699 460 1767 iteranda,
475 1717 530 1775 pro
544 1697 596 1768 rei,
610 1696 647 1756 de
661 1717 722 1775 qua
735 1697 845 1774 egitur,
860 1697 1079 1758 conditione.-

356 1795 703 1872 II.-Quemabmodum
732 1795 895 1856 Observabo
909 1797 940 1856 in
961 1797 1057 1868 fectis,
1072 1811 1161 1875 prout
1174 1816 1193 1855 a
1208 1807 1320 1855 natura
1332 1795 1414 1854 exhi·

318 1895 432 1964 lentur,
446 1891 622 1971 colligendis
642 1892 909 1970 examinandisque
923 1893 1064 1964 consistit,
1082 1893 1125 1952 ita
1141 1892 1332 1970 Experientio
1348 1891 1410 1968 (vel

314 1990 571 2069 experimentatio,
585 2001 619 2049 ut
641 1988 709 2048 eliis
731 1989 842 2068 placet)
859 1989 983 2049 ulterius
1006 1989 1206 2068 progrediens,
1229 1988 1412 2048 substautias

316 2085 489 2146 substantiis
504 2085 606 2146 subdit
626 2105 733 2164 easque
754 2086 831 2144 inter
844 2105 875 2144 se
889 2086 992 2145 miscet
1005 2094 1096 2164 atque
1117 2086 1160 2144 ita
1175 2104 1267 2144 novos
1281 2095 1311 2143 et
1326 2085 1412 2144 inter-

315 2185 386 2244 durn
410 2184 542 2244 insolitos
562 2183 691 2254 effectus,
711 2201 761 2242 seu
780 2182 987 2261 pboertorncnq
1009 2191 1074 2242 erte
1096 2193 1243 2260 procurat
1287 2179 1332 2241 Ut
1358 2181 1412 2239 riu

315 2281 376 2352 liat,
391 2281 450 2340 tris
471 2281 582 2358 requiri
603 2279 752 2350 videntur,
766 2299 812 2338 sc:
835 2279 1107 2357 experimentorum
1128 2279 1261 2348 comatis,
1282 2277 1413 2346 irrccrsio,

316 2379 451 2456 repetitio.
494 2377 537 2436 Et
559 2375 655 2455 primo
669 2375 788 2454 quidem
804 2378 916 2434 cariori
938 2375 1048 2434 debent
1068 2374 1283 2453 experimenta,
1299 2372 1414 2452 objectu

318 2477 346 2532 in
361 2473 485 2534 diversis
506 2471 726 2534 conditionibus
740 2483 770 2532 ct
783 2471 933 2552 adjunctis
947 2472 1116 2543 constituto,
1132 2482 1166 2531 ut
1178 2491 1297 2550 quaque
1312 2489 1412 2530 versus

316 2570 444 2641 effectus,
459 2570 508 2648 qui
533 2567 571 2628 ad
595 2569 658 2647 ipso
683 2569 791 2647 prodit,
814 2566 1413 2648 appareat-Secundc-Seepeuumem

316 2671 521 2748 experimenta
544 2667 710 2727 incer-tendo
723 2677 802 2738 sunt,
818 2677 851 2726 ut
865 2666 1041 2745 dispiciatur
1061 2675 1202 2724 utrumne
1216 2664 1334 2724 diverso
1350 2683 1415 2741 pro·

317 2785 406 2838 sessu,
421 2763 583 2824 consimilis
596 2773 650 2824 aut
663 2763 830 2824 contrarius
844 2763 1016 2824 obtineatur
1029 2763 1148 2823 effectus
1164 2767 1229 2838 (un.
1245 2761 1313 2820 292.
1328 2761 1411 2834 994.)

317 2859 635 2938 -Tertio—Sumpta
647 2859 737 2920 semel
752 2861 937 2939 experientia
946 2859 1073 2938 produci
1086 2859 1183 2928 debet,
1196 2869 1229 2918 ut
1243 2856 1412 2918 constantia

318 2957 514 3036 phoenomeni
538 2955 747 3034 dignoscatur3
768 2977 823 3017 nec
837 2977 896 3016 non
911 2957 950 3017 ad
965 2976 1010 3016 res
1032 2956 1165 3016 diversas
1180 2955 1227 3016 vel
1250 2954 1418 3015 consimile

317 3051 505 3112 extendenda
519 3061 571 3125 est,
586 3065 622 3112 ut
642 3052 831 3112 manifestum
852 3053 914 3124 fiat,
930 3063 1030 3112 utrum
1045 3052 1084 3112 eb
1099 3051 1278 3112 accidentali
1293 3051 1341 3111 vcl
1357 3051 1414 3112 for·

319 3149 395 3210 tuita
410 3168 509 3220 causa,
524 3169 561 3208 an
577 3168 648 3208 vero
662 3169 680 3206 e
696 3149 845 3209 cornrnuni
868 3148 971 3227 aliqua
986 3149 1060 3227 lege,
1075 3148 1122 3208 vel
1139 3149 1320 3227 proprietate
1334 3149 1417 3208 effer·

317 3263 364 3306 tus
378 3245 462 3306 fluet.

358 3341 522 3403 Ill-Ubi
544 3353 624 3401 certo
645 3343 811 3402 constiterit
831 3343 1054 3421 phoenoureuon
1077 3353 1247 3402 constanter
1260 3353 1292 3401 et
1305 3343 1416 3401 unifor-

318 3441 404 3499 miter
418 3457 479 3498 rem
494 3439 626 3516 aliquem
642 3437 788 3508 comitari,
804 3439 912 3517 poterit
933 3459 1015 3498 mens
1028 3439 1205 3498 inductionis
1218 3459 1272 3516 ops
1285 3449 1315 3498 et
1332 3439 1417 3516 prin-

317 3537 391 3614 cipio
413 3535 555 3613 analytice
578 3535 756 3594 consulitots's
777 3536 892 3606 innixa,
915 3555 953 3595 ex
975 3536 1143 3596 constantia
1156 3547 1187 3596 et
1211 3537 1416 3596 uniformitate

281 3624 286 3638 ⁶
315 3633 433 3692 effectus
447 3639 620 3692 scrutantem
641 3643 672 3692 et
692 3633 864 3711 unisonncm
885 3654 1001 3692 causum
1023 3633 1178 3705 derivare;
1200 3655 1238 3693 es
1264 3633 1321 3694 bec
1344 3655 1414 3694 reru

318 3729 494 3788 tumetceu
507 3737 642 3801 naturae,
658 3729 705 3789 vel
728 3728 801 3807 legis
821 3729 976 3807 generalis,
990 3749 1051 3808 qua
1065 3728 1119 3789 illa
1140 3729 1299 3790 individua
1314 3729 1416 3789 fruun-

317 3837 375 3898 tur,
390 3825 437 3886 rel
452 3835 606 3904 reguntur,
616 3825 853 3904 deprehendere;
867 3847 904 3894 ex
920 3827 1076 3888 identitate
1089 3826 1208 3886 demum
1221 3839 1358 3898 naturae,
1371 3827 1416 3886 vel

319 3923 399 4003 legis,
419 3923 662 3983 universalitatem
689 3921 802 4002 affectus
825 3922 971 3984 deducere
995 3934 1025 3983 et
1051 3924 1200 4003 principia
1224 3923 1415 3984 scientiarum

317 4019 516 4090 constabilire,
540 4039 578 4079 ex
606 4019 700 4098 iisque
727 4019 930 4080 conclusiones
956 4029 987 4080 et
1014 4031 1226 4098 consequenter
1259 4021 1412 4081 scientiam

316 4117 428 4188 teclam,
442 4135 499 4194 ope
517 4114 699 4193 syllogismi,
712 4115 769 4175 sibi
792 4115 1063 4194 comparare-Of.
1077 4135 1155 4192 quoe
1168 4135 1260 4195 supro
1280 4115 1413 4176 diximus

317 4213 354 4272 de
367 4211 547 4272 Inductione
561 4211 604 4288 (n.
619 4210 703 4290 232.)
718 4231 772 4272 nec
786 4231 846 4272 non
862 4211 905 4290 (n.
921 4212 1045 4289 334.)-

357 4309 425 4370 367.
468 4307 650 4368 Declaratur
669 4306 730 4367 ΙΙΙ.
752 4307 934 4368 desertionis
954 4307 1120 4391 para—Ut
1141 4311 1196 4370 rite
1216 4321 1410 4389 cognoscatur

317 4425 464 4485 quaenam
478 4406 517 4466 sit
530 4403 687 4466 methodus
700 4403 873 4466 adhibenda
886 4404 918 4465 in
937 4406 1069 4468 scientiis
1088 4405 1250 4478 tradendis,
1264 4406 1325 4467 duo
1344 4418 1412 4466 sunt
