3118 4956
344 437 402 497 232
838 436 955 513 Imprcc.

341 629 445 690 addita
466 630 614 708 significat
635 639 751 709 partem
767 629 943 706 (dummodo
958 630 1031 689 haec
1046 649 1105 689 non
1120 630 1158 689 sit
1174 641 1244 690 uota
1258 631 1297 690 ad
1313 629 1438 690 denomi-
1523 677 1524 680 η

341 725 475 788 nandum
494 738 590 787 totum
613 747 641 787 v.
663 747 691 804 g.
714 727 825 803 crispus
847 725 1102 802 etet-Quintus
1126 723 1231 786 modus
1253 737 1306 798 est,
1320 725 1436 805 quando

341 823 549 884 determinatio
562 821 666 884 addita
681 822 760 902 cogit
774 823 944 895 terminum,
959 823 1006 884 oui
1021 822 1152 894 additur,
1163 833 1241 884 stare
1255 823 1438 882 materialiter

287 957 290 960 -
319 939 368 1006 xv.
393 941 421 998 g.
464 919 605 998 “Sapiens
631 919 698 980 vult
724 921 852 979 omittere
878 919 1007 978 malum:
1030 939 1100 998 ergo
1124 919 1182 978 racd
1208 919 1321 979 malum
1332 920 1357 978 :’'
1379 939 1434 980 nou

340 1021 490 1098 sequitur;
512 1041 582 1080 nam
606 1023 734 1080 erudiere
756 1020 869 1080 malum
895 1041 952 1080 nou
975 1021 1049 1080 dicit
1071 1021 1177 1080 rutilum
1201 1022 1374 1099 arripuere.
1389 1022 1434 1080 sel

340 1115 497 1175 nectendum
511 1116 632 1196 quid-
1133 1187 1136 1194 .

380 1212 571 1291 Sophismata
593 1213 681 1292 hujus
704 1214 819 1292 generis
840 1213 1008 1292 saepissime
1034 1225 1197 1274 occuruut:
1227 1215 1273 1273 his
1298 1216 1341 1273 usi
1370 1227 1433 1273 sunt

342 1309 534 1382 Eunomiani,
549 1311 601 1389 qui
615 1311 824 1372 contendentes
845 1311 967 1372 Patrem
983 1312 1013 1370 in
1029 1311 1150 1370 Divinis
1166 1320 1274 1370 natura
1296 1311 1432 1390 majorem

341 1427 400 1467 esse
414 1407 503 1479 Filio,
520 1406 701 1468 vocabulum
723 1409 851 1486 rtojmde,
866 1407 946 1486 quod
969 1408 1191 1486 particulariter
1205 1407 1242 1466 de
1266 1407 1329 1466 sola
1351 1427 1434 1466 taust

341 1503 467 1562 dicimus
490 1502 585 1563 relate
599 1503 638 1562 ad
661 1503 807 1574 effectum,
822 1503 1019 1563 universalius
1041 1502 1080 1562 ad
1104 1515 1243 1562 naturam
1271 1501 1434 1563 trahebant.
1523 1581 1524 1584 Ἴ

342 1599 451 1660 “Pater
462 1601 556 1680 major
567 1621 614 1660 me
624 1600 685 1661 est”
697 1600 795 1679 inquit
805 1600 960 1661 Dominus
986 1600 1008 1662 J
1009 1621 1026 1660 o
1039 1602 1084 1661 14.
1098 1601 1144 1660 28.
1161 1601 1264 1678 utique
1277 1601 1434 1660 secundum

341 1707 479 1756 naturam
506 1696 687 1769 humanam
708 1715 767 1757 uon
792 1697 862 1757 item
888 1697 1048 1757 secundum
1078 1706 1218 1756 naturam
1247 1697 1391 1768 (lisinam,
1407 1711 1435 1754 ut

341 1791 508 1852 inserebant
531 1792 721 1853 Eunomiani.
764 1792 830 1852 Hos
852 1793 1015 1854 haereticos
1037 1793 1237 1872 pulcherrime
1260 1794 1436 1871 redarguens

342 1887 564 1948 Nazianzenus:
586 1887 700 1949 “Haud
725 1889 794 1962 scio,
809 1889 915 1967 inquit,
929 1890 1038 1968 seipsos
1053 1909 1089 1949 ne
1112 1891 1219 1968 potius,
1234 1903 1288 1950 out
1302 1911 1351 1950 eos
1372 1911 1435 1950 cum

341 1985 448 2063 quibus
472 1984 636 2064 disputant,
661 1984 793 2063 captiosa
824 1985 880 2045 hac
905 1987 1163 2065 argumentatione
1191 1988 1435 2048 circumveniant.

342 2079 447 2159 Neque
460 2081 539 2140 enim
552 2080 727 2160 simpliciter
741 2101 946 2160 quaecumque
959 2082 997 2141 de
1011 2082 1112 2161 aliquo
1126 2083 1277 2157 dicuutur,
1297 2085 1385 2144 etiam
1400 2084 1435 2142 de

341 2197 384 2248 eo,
398 2177 477 2255 quod
492 2177 547 2255 ipsi
568 2177 732 2255 subjectum
749 2187 800 2249 est,
815 2177 965 2250 dicuntur,
979 2178 1029 2238 sed
1053 2178 1240 2258 perspicuum
1255 2191 1299 2239 est
1315 2179 1358 2239 'de
1371 2199 1437 2258 quo
1523 2161 1524 2174 ἵ

342 2293 410 2332 uam
426 2285 455 2332 ct
476 2293 625 2351 quaenam
647 2273 787 2334 dicantur
801 2320 898 2334 .....
913 2274 952 2334 ab
967 2294 1001 2334 eo
1015 2275 1104 2353 quod,
1118 2275 1274 2334 comiodum
1299 2277 1434 2336 rationem
1523 2271 1524 2276 ’

341 2369 492 2448 qtmmdaor
508 2369 627 2441 dicitur,
638 2369 677 2428 cd
692 2369 732 2441 id,
746 2371 826 2448 quod
840 2371 1007 2449 eirnpliciter
1017 2372 1136 2444 dieitur,
1148 2373 1278 2451 captiose
1292 2373 1437 2452 progredi·
1523 2361 1524 2420 Ῐ

341 2478 390 2527 tur
405 2468 477 2528 haec
491 2469 737 2546 argumentatio.”
766 2469 851 2541 Orat,
867 2469 914 2530 35.
944 2469 993 2530 Sic
1008 2469 1118 2549 pariter
1132 2469 1334 2530 Protestantes
1347 2491 1384 2529 cx
1394 2491 1435 2538 eo,
1523 2463 1524 2520 i

341 2563 419 2641 quod
434 2562 569 2624 Ecclesia
578 2562 725 2642 prohibet,
736 2583 773 2624 ne
783 2563 812 2624 S.
824 2564 980 2643 Scriptura
994 2566 1025 2624 irr
1040 2565 1201 2626 vernacula
1216 2563 1320 2643 lingua
1334 2577 1364 2625 et
1376 2567 1436 2624 sinc
1523 2633 1524 2652 3

341 2661 533 2739 probatorum
548 2660 702 2721 doctorum
726 2661 971 2740 interpretatione
995 2661 1121 2741 legatur,
1137 2661 1269 2721 inferunt
1283 2661 1323 2721 ab
1338 2661 1436 2721 Eccle-
1523 2671 1524 2726 i

339 2756 384 2815 sia
405 2755 555 2834 prohiberi
579 2755 630 2818 SS.
653 2757 797 2817 librorum
821 2757 987 2820 lectionem.
1029 2758 1141 2819 Nullus
1160 2759 1272 2838 pariter
1294 2771 1337 2819 ast
1359 2759 1458 2822 locus,

341 2853 436 2930 magis
450 2851 580 2924 idoneus,
595 2873 654 2933 quo
670 2853 805 2914 Daemon
820 2854 859 2914 ad
874 2855 1033 2934 capiendos
1047 2855 1179 2916 homines
1191 2865 1295 2916 utatur
1305 2857 1436 2933 frequen·
1523 2863 1524 2872 ³

341 2950 399 3010 tius
413 2959 443 3009 et
463 2969 530 3008 cum
552 2969 695 3010 successu.
737 2949 786 3010 Sic
801 2970 828 3011 v.
843 2973 873 3029 g.
894 2971 933 3011 ex
947 2951 1084 3030 ecquod
1108 2950 1273 3012 bonahaec
1293 2963 1436 3030 tempora-
1523 3035 1524 3038 Ἴ

341 3045 383 3106 lia
396 3055 426 3106 ct
439 3044 553 3106 caduca
567 3066 586 3104 a
599 3044 778 3124 quibusdam
793 3047 1012 3120 existimantur,
1024 3046 1185 3119 concludit,
1195 3047 1251 3106 illa
1261 3067 1322 3108 me
1331 3047 1437 3124 simpli·
1523 3047 1524 3102 ἶ

334 3144 409 3201 citer
433 3139 511 3202 bona
532 3152 563 3201 et
590 3141 711 3202 omnino
733 3142 917 3221 expetenda:
949 3141 1120 3223 hujusmodi
1144 3141 1327 3221 sophismata
1352 3163 1435 3202 nerno
1523 3143 1524 3156 ¹

341 3238 448 3311 eludet,
464 3239 519 3298 nisi
534 3239 630 3317 quiin
653 3238 786 3300 futuram
803 3241 1008 3300 aeternitatem
1031 3239 1221 3319 prospiciens,
1235 3258 1435 3319 quaecumque

341 3335 380 3395 ad
394 3334 478 3394 illam
494 3355 554 3395 non
567 3335 690 3407 ducunt,
705 3337 818 3396 invicto
832 3357 868 3396 ac
882 3337 1028 3398 constanti
1043 3336 1153 3406 animo,
1169 3337 1343 3416 despexerit.

827 3530 866 3592 N.
888 3530 948 3591 111.

620 3725 666 3786 oe
681 3725 815 3786 renea
829 3727 1020 3804 saeuum
1034 3727 1165 3787 senar.

380 3918 447 3979 269.
494 3917 641 3978 Eleaclrue
667 3920 830 3997 generatim
859 3931 918 3981 est:
949 3921 1156 4000 “syllogismus
1184 3931 1281 3982 certae
1309 3921 1432 4001 alicujus
1523 3991 1524 3994 Ἴ

340 4014 556 4075 enunciationis
577 4014 839 4076 contradictoriam
854 4016 997 4097 colligens
1007 4018 1032 4077 :''
1055 4028 1085 4079 ct
1099 4027 1268 4097 potestesse
1283 4019 1435 4098 (quemad-

340 4109 460 4170 modum
481 4109 685 4190 syllogismus)
700 4111 945 4186 deutorretratioue,
970 4113 1142 4186 dialectics,
1167 4113 1341 4192 aoplrr'etieru.
1383 4115 1434 4175 Fst
1523 4143 1524 4186 5

341 4205 433 4284 igitur
446 4207 484 4266 de
499 4207 613 4266 ratione
627 4205 742 4266 elenchi
764 4209 941 4288 muceranus
954 4219 984 4270 et
997 4209 1191 4271 eorttrudr'etio.
1233 4210 1433 4286 Quamobrem

340 4302 481 4380 quiequid
504 4312 548 4363 est
572 4311 675 4364 contra
700 4304 860 4384 utriusque.
876 4305 1076 4368 definitionem
1102 4308 1167 4378 erit,
1182 4327 1215 4368 eo
1240 4308 1304 4386 ipso
1332 4323 1431 4370 contre
