3172 4950
515 485 562 546 De
576 485 680 546 Primo
695 484 802 544 Mardis
821 483 1002 562 Operatione.
1265 483 1300 544 21

240 676 409 738 Secundum
433 677 706 739 est-Universale
729 676 877 736 directum
901 696 955 736 uec
980 676 1126 736 unitatem
1150 674 1224 736 dicit
1248 695 1301 735 nec.

203 774 473 853 multiplicitatem:
495 776 567 854 quia
588 775 628 836 ab
656 784 782 853 utraque
809 772 999 853 praescindit.
1042 771 1201 850 Bellorum
1231 793 1301 834 vero

204 881 361 951 utramque
382 872 464 945 dicit,
478 873 625 932 unitatem
646 870 759 932 scilicet
779 870 876 951 quood
888 891 917 930 ae
925 893 935 941 ;
957 871 1028 949 quia
1042 879 1086 931 est
1098 890 1160 930 una
1173 880 1301 931 natura:

204 969 457 1048 multiplicitatem
474 989 543 1030 vero
555 969 653 1048 quoad
668 969 810 1030 terminos
823 987 894 1028 suae
908 966 1067 1028 relationis.
1097 966 1300 1043 Quamobrem

201 1065 380 1126 considerari
397 1075 493 1144 potest
507 1065 601 1126 veluti
616 1075 752 1126 centrum
767 1065 894 1143 alicujus
908 1063 1022 1136 circuli,
1037 1063 1117 1142 quod
1131 1064 1156 1124 si
1170 1064 1299 1124 conside·

204 1173 285 1222 retur
299 1165 331 1222 iu
345 1183 383 1234 ce,
398 1183 489 1222 riuum
513 1145 574 1234 ean
596 1163 640 1223 sin
666 1173 766 1223 autem
790 1161 991 1222 consideretur
1014 1171 1104 1240 prout
1127 1161 1249 1239 refertur
1262 1161 1300 1220 ad

204 1259 288 1319 varia
302 1270 414 1338 puncta
429 1259 614 1338 peripheriae
631 1257 792 1338 multiplex
806 1271 857 1319 est

240 1353 374 1416 Tertium
398 1354 672 1418 est—Universale
694 1353 838 1414 reflexum
861 1355 1003 1434 supponit
1025 1355 1182 1427 directum,
1213 1355 1299 1434 eique

201 1452 376 1532 superaddit
396 1454 564 1513 relationem
578 1453 618 1512 ad
633 1453 780 1514 iuferiora.
823 1451 976 1529 Quoniam
991 1461 1091 1512 autem
1106 1451 1179 1512 haec
1193 1450 1299 1512 relatio

162 1533 169 1548 ⁸
198 1549 377 1628 quintuplex
406 1559 458 1622 est,
486 1549 556 1610 hinc
584 1549 764 1628 quintuplex
792 1559 836 1610 est
863 1547 1031 1610 universale
1058 1547 1212 1610 reflexum.
1234 1548 1253 1608 i.
1274 1568 1298 1608 e.

209 1646 316 1720 Genua,
351 1646 536 1725 Differentia,
570 1647 690 1724 Species,
724 1646 892 1725 Proprium
927 1644 1077 1706 Accidere.
1119 1642 1299 1707 Universale

197 1753 299 1804 autem
320 1743 476 1816 directum,
499 1754 602 1823 utpote
615 1742 846 1805 fundamentum
868 1741 984 1815 reflexi,
1006 1742 1109 1820 nequit
1123 1741 1183 1802 dici
1197 1739 1300 1802 Genus

200 1839 378 1900 Differentia
399 1847 452 1900 etc.
474 1839 525 1899 sed
540 1849 658 1900 tautum
680 1839 787 1900 horum
809 1839 1004 1917 Principium.
1021 1837 1118 1916 (Vide
1139 1835 1295 1898 Tabellam

203 1937 294 2014 lam).

240 2035 391 2111 Quartum
414 2035 688 2097 est-Universale
700 2037 836 2116 reflexum
849 2035 1021 2096 nullatenus
1041 2033 1299 2114 praedicaturam

202 2132 367 2210 praedicari
389 2142 484 2212 potest
498 2133 536 2194 de
557 2133 736 2194 individuis:
760 2133 911 2194 nonenim
927 2131 1026 2194 Sortes
1040 2141 1084 2193 est
1096 2133 1214 2211 species,
1228 2129 1300 2210 quia

200 2229 366 2320 esthemo:
388 2240 421 2290 at
434 2229 603 2291 universale
625 2215 764 2292 directum
777 2229 994 2290 tantummodo.
1036 2229 1253 2290 Verumtamen
1268 2227 1298 2286 iu

202 2324 364 2385 universali
385 2325 498 2386 directo
512 2325 572 2386 duo
586 2337 656 2386 sunt
670 2324 775 2386 sedulo
796 2324 1012 2386 consideranda
1024 2345 1071 2386 sc:
1092 2333 1211 2398 natura,
1226 2345 1298 2405 qnae

199 2422 385 2500 concipitur;
407 2431 437 2482 et
450 2422 556 2484 modus
570 2443 624 2502 quo
639 2421 806 2501 concipitur
820 2421 838 2482 i.
853 2441 876 2482 e.
891 2420 1061 2482 abstractio.
1103 2420 1176 2484 Jam
1189 2440 1245 2500 age
1260 2419 1300 2494 id,

199 2519 280 2597 quod
303 2519 473 2581 affirmatur
493 2519 530 2580 de
552 2519 717 2582 individuis
742 2539 802 2580 non
816 2529 860 2580 est
873 2518 1043 2591 abstractio,
1058 2527 1093 2580 ut
1106 2527 1207 2597 patet:
1229 2518 1300 2596 quia

200 2617 274 2678 haee
288 2637 317 2678 se
332 2626 414 2677 tenet
434 2617 643 2679 tantummodo
658 2638 695 2678 ex
718 2627 805 2697 parte
829 2616 936 2678 mentis
960 2617 1170 2696 concipiebam
1190 2615 1242 2677 sed
1255 2625 1300 2676 est

200 2723 309 2775 natura
324 2713 378 2775 illa
391 2735 441 2775 seu
457 2714 637 2776 elementum
658 2715 848 2794 objectivum,
862 2714 943 2794 quod
964 2714 1138 2794 concipitur.
1160 2713 1210 2775 Sio
1222 2733 1251 2774 v.
1266 2734 1294 2792 g.

198 2833 267 2872 cum
280 2813 349 2874 dico
364 2813 476 2874 “Sorteo
489 2821 528 2874 eo
541 2813 649 2886 horno,''
665 2835 725 2876 non
738 2813 875 2892 equidem
890 2813 1007 2875 affirmo
1017 2812 1055 2874 de
1068 2813 1154 2874 Sorte
1167 2813 1299 2888 modum,

199 2931 258 2989 quo
272 2931 327 2989 ego
348 2912 481 2990 concipio
508 2911 736 2986 humanitatem,
750 2912 801 2972 sed
825 2912 941 2972 affirmo
965 2911 1193 2986 humanitatem,
1207 2933 1297 2992 quam

203 3029 258 3087 ego
279 3009 430 3088 concipio:
451 3008 525 3070 haec
547 3019 647 3069 autem
673 3009 845 3070 humanitas
858 3009 890 3068 in
904 2997 991 3070 Sarte
1003 3017 1129 3070 concrete
1141 3011 1251 3084 existit,
1266 3012 1296 3070 in

198 3103 350 3166 intellectu
375 3113 475 3166 autem
490 3126 555 3166 meo
575 3105 731 3166 abactae:
756 3115 789 3166 at
811 3106 959 3167 concretio
979 3105 1029 3167 vel
1052 3104 1213 3167 abstractio
1236 3127 1295 3167 non

197 3221 259 3260 rem
273 3202 401 3280 respicit,
416 3201 466 3262 sed
481 3202 603 3262 modum
618 3202 764 3263 existendi
780 3203 882 3282 ipsius

239 3299 286 3358 36.
330 3299 379 3358 Ex
394 3300 481 3362 dictis
491 3300 555 3378 jam
571 3299 736 3379 intelligere
749 3301 872 3380 incipies
886 3298 959 3379 quid
973 3299 1093 3360 nomine
1102 3300 1215 3360 ordinis
1224 3300 1299 3381 phy·

199 3396 260 3468 rici,
275 3395 459 3474 ntetcphyeici
471 3407 502 3456 et
522 3397 608 3474 topici
621 3397 731 3470 veniat,
746 3405 776 3456 et
789 3416 936 3476 quaenam
950 3397 990 3456 sit
1003 3395 1111 3457 harum
1126 3395 1297 3458 denomina-

198 3490 314 3552 tionum
336 3490 421 3552 ratio.
464 3491 546 3551 Ordo
569 3491 707 3571 physicus
728 3503 771 3552 est
792 3492 864 3553 ordo
878 3512 976 3554 rerum
992 3492 1193 3566 naturalium,
1208 3501 1298 3572 prout

198 3585 254 3646 hae
268 3597 339 3648 suut
352 3587 382 3645 iu
394 3586 495 3665 seipsis
505 3586 697 3666 singulariter
711 3609 758 3648 sc:
779 3598 809 3648 et
819 3600 971 3648 concrete:
993 3589 1066 3648 ordo
1077 3588 1297 3668 metaphysicus

200 3696 245 3743 cst
269 3684 341 3744 ordo
365 3685 529 3763 primarum
555 3686 762 3758 intentionum,
777 3706 823 3745 sc:
845 3705 954 3758 rerum,
969 3697 1060 3764 prout
1080 3684 1119 3746 ab
1143 3686 1296 3748 intellectu

198 3801 255 3859 per
280 3781 477 3859 cognitionem
503 3781 647 3841 directam
672 3783 896 3861 concipiuntur:
917 3782 991 3842 ordo
1016 3782 1129 3862 logicus
1153 3793 1197 3844 est
1220 3783 1293 3844 ordo
1405 3823 1414 3847 .

198 3877 395 3938 secundarum
412 3879 620 3952 intentionum,
636 3899 682 3939 sc:
699 3899 807 3952 rerum,
818 3899 895 3958 quae
908 3878 948 3940 ab
959 3877 1112 3940 intellectu
1123 3881 1187 3960 jam
1202 3881 1294 3946 direc-

198 3989 227 4038 te
254 3977 457 4056 apprehensae
484 3987 694 4056 suppouuntur
722 3998 757 4038 ac
785 3977 894 4038 reflexa
921 3997 974 4056 per
1000 3977 1160 4058 secundam
1189 3979 1297 4040 mentis

197 4077 395 4158 cognitionem
421 4078 619 4156 attinguntur.
662 4076 711 4137 Sic
735 4097 803 4136 oum
828 4076 895 4137 dico
920 4076 1031 4137 “Sortca
1054 4085 1098 4137 est
1121 4078 1242 4151 uubnol,
1267 4088 1298 4139 et

199 4173 371 4234 animalitas
392 4173 583 4252 praedicatur
603 4174 640 4233 de
662 4174 724 4253 ipso
744 4183 899 4253 tamquam
920 4174 1046 4254 Μεθ’
1067 4174 1166 4236 Sortes
1186 4185 1230 4236 est
1244 4197 1295 4237 ens

200 4271 373 4350 physicum:
396 4271 510 4330 ‘tribnat
523 4292 601 4344 vero,
617 4283 763 4350 quatenus
784 4273 927 4351 exprimit
942 4271 982 4345 id,
997 4271 1076 4350 quod
1091 4272 1292 4350 praedicatur,

196 4367 397 4430 abstractioue
418 4370 498 4430 theta
512 4389 530 4430 a
546 4371 633 4430 modo
654 4371 810 4444 existendi,
825 4382 868 4432 est
882 4391 933 4432 ens
947 4371 1202 4451 metaphysicum3
1223 4395 1295 4452 qua-
