3172 4950
496 445 542 506 De
556 445 660 506 Prima
675 444 782 506 Mentis
801 443 981 524 Operaliette.
1245 439 1280 499 11

184 639 335 720 stiltjeetis,
350 659 427 720 quae
442 659 500 700 uon
516 638 707 700 eontinentur
719 637 776 698 sub
790 637 905 716 objectu
911 636 1034 715 formali
1047 633 1208 705 facultatis,
1223 652 1282 692 uon

185 745 293 798 curat:
315 737 387 816 quia
399 736 440 796 ad
455 737 551 816 ipsam
565 755 625 796 non
640 736 797 814 pertinent.
811 735 862 796 sic
875 755 904 796 v.
917 756 946 814 g.
990 733 1080 794 Visus
1095 731 1283 813 percipiendo

188 835 220 894 in
235 854 322 914 pomo
337 833 464 894 colorem
478 832 542 893 sine
555 851 668 912 sapore,
683 852 742 893 non
763 831 894 892 affirmat
907 830 987 911 quod
1001 830 1082 892 color
1095 831 1135 890 sit
1148 829 1177 889 in
1193 849 1284 909 pomo

186 935 253 992 sine
266 951 380 1011 sapore,
394 929 445 992 sed
460 938 579 990 tantum
593 929 792 1010 apprehendit
804 928 845 1002 id,
860 927 940 1007 quod
952 947 1040 989 auum
1055 939 1115 988 est:
1130 927 1167 988 de
1180 947 1284 1006 sapore

186 1039 289 1088 autem
304 1047 364 1087 non
389 1036 491 1088 curat:
513 1025 586 1106 quia
609 1047 697 1106 sapor
718 1036 763 1087 est
785 1025 935 1106 objectum
948 1026 1074 1104 formale
1097 1035 1209 1105 gustus,
1225 1047 1283 1086 non

186 1137 289 1186 autem
303 1125 385 1186 visus
405 1124 449 1203 (n
466 1125 509 1202 6).
552 1123 757 1186 Pulcherrima
776 1123 816 1184 ad
841 1123 946 1184 rems,
968 1123 1099 1184 Thomas
1119 1123 1180 1184 uit:
1203 1123 1285 1184 “ista

189 1231 292 1282 autem
305 1221 469 1283 abstractio
490 1241 549 1282 non
570 1231 615 1282 est
635 1221 830 1301 intelligenda
843 1221 1006 1282 seeundum
1021 1241 1082 1280 rem
1098 1221 1132 1298 (i.
1146 1243 1170 1282 e.
1185 1242 1284 1282 secun·

189 1319 263 1380 dum
286 1319 422 1379 ordinem
445 1318 571 1397 realem)
594 1319 646 1380 sed
671 1319 833 1380 seeundum
847 1312 1001 1380 'rationem
1016 1319 1050 1397 (i.
1073 1339 1096 1378 e.
1122 1319 1283 1380 seeundum

188 1416 324 1477 ordinem
348 1415 499 1494 idealem).
540 1416 626 1478 Sicut
648 1417 728 1478 enim
753 1415 888 1477 videmus
912 1415 943 1476 in
967 1416 1106 1495 potentiis
1128 1417 1285 1488 sensilium,

189 1512 270 1591 quod
285 1512 355 1573 lieet
368 1512 472 1591 aliqua
485 1513 546 1574 sint
559 1513 718 1593 conjuncta
730 1513 894 1574 seeundum
908 1533 980 1586 rem,
994 1523 1093 1573 tarsen
1109 1511 1230 1572 illorum
1244 1513 1286 1574 sie

188 1609 417 1689 eonjunetorum
431 1609 521 1682 visus,
542 1609 590 1670 vel
610 1608 689 1670 alius
709 1629 810 1669 sensus
831 1617 927 1688 potest
947 1629 1040 1670 unum
1055 1609 1285 1688 apprehendere,

188 1706 286 1768 altero
299 1727 359 1767 non
381 1706 577 1786 apprehenso,
592 1717 627 1767 ut
639 1707 721 1767 visus
743 1705 943 1786 apprehendit
966 1706 1093 1768 eolorem
1121 1709 1209 1786 pomi,
1234 1710 1284 1787 qui

190 1815 290 1866 tamen
315 1823 451 1883 saporem
472 1803 565 1864 eolori
593 1805 785 1884 conjunctum
813 1823 873 1865 non
899 1803 1106 1885 apprehendit,
1135 1806 1177 1865 sie
1191 1806 1286 1867 multo

191 1901 296 1961 lbrtius
317 1911 413 1980 potest
435 1921 496 1962 esse
509 1901 540 1960 in
563 1899 697 1980 potentia
720 1899 921 1962 intellectiva:
950 1901 1021 1980 quia
1046 1902 1116 1962 litet
1140 1902 1285 1982 principia
1351 1925 1357 1936 ·

189 1998 314 2075 generis,
329 1998 377 2059 vel
398 1998 506 2078 speciei
519 2017 683 2076 numquam
698 1997 759 2058 sint
772 1996 829 2058 nisi
843 1996 874 2057 in
889 1997 1061 2072 individuis,
1077 2011 1175 2059 tamen
1191 2011 1286 2079 potest

189 2093 377 2173 apprehendi
391 2115 494 2168 unum,
510 2115 567 2156 non
583 2095 768 2176 apprehenso
781 2093 885 2169 altero,
900 2095 980 2156 uude
993 2107 1089 2175 potest
1102 2099 1285 2176 apprehendi

188 2193 303 2254 animal
318 2193 381 2254 sine
395 2194 524 2268 homine,
538 2194 623 2254 asino
636 2203 667 2254 et
678 2193 747 2254 aliis
760 2193 928 2274 speciebus:
949 2203 980 2255 et
992 2203 1088 2274 potest
1102 2196 1286 2275 apprehendi

191 2294 289 2366 homo,
303 2313 363 2353 non
386 2293 570 2372 apprehenso
593 2292 715 2354 Socrate
736 2291 783 2352 vel
808 2291 952 2353 Platone:
973 2301 1003 2353 et
1025 2311 1103 2364 uam,
1118 2303 1148 2353 et
1169 2313 1243 2365 ossa,
1257 2305 1287 2354 et

188 2389 300 2462 anima,
316 2410 374 2450 non
400 2389 591 2469 apprehensis
616 2388 662 2449 his
684 2388 833 2462 carnibus,
857 2396 887 2449 at
910 2388 1032 2461 ossibus,
1055 2391 1149 2450 etsie
1172 2411 1287 2470 semper
1369 2451 1372 2454 ,

190 2484 358 2546 intellectus
383 2485 497 2546 formas
523 2485 700 2558 abstractas,
715 2484 745 2545 id
771 2495 814 2546 est
834 2486 987 2565 superiora
1010 2485 1073 2546 siue
1098 2486 1286 2548 inferioribus

191 2583 340 2664 intelligit.
384 2583 449 2645 Nee
461 2593 561 2645 tamen
577 2582 653 2643 falso
667 2581 810 2662 intelligit
823 2581 1000 2656 intellectus,
1015 2583 1157 2661 quianon
1169 2584 1287 2662 juditat

192 2682 248 2742 hoe
261 2701 322 2742 esse
335 2682 399 2742 sine
413 2681 479 2754 hoc,
492 2681 544 2742 sed
558 2679 757 2760 apprehendit
769 2689 801 2740 et
816 2679 935 2760 judieat
948 2678 986 2740 de
1000 2700 1068 2754 uno,
1083 2679 1142 2742 uon
1150 2681 1287 2761 judican-

190 2777 230 2838 do
244 2777 281 2838 de
296 2776 418 2838 altero?
460 2777 517 2858 Op.
533 2777 582 2837 De
602 2775 748 2838 Potentiis
767 2776 887 2836 animae
900 2796 924 2837 e.
939 2773 1085 2849 VL-Cf,
1099 2778 1190 2838 etiam
1203 2779 1285 2840 Sum.

195 2873 251 2934 Th.
269 2876 295 2936 1.
310 2895 339 2954 p.
353 2896 381 2954 q.
396 2875 444 2936 85.
459 2895 486 2936 a
503 2877 530 2949 1,
544 2874 583 2936 ad
600 2876 625 2935 1.

232 3071 280 3131 22.
314 3069 401 3132 Dico
415 3069 518 3132 111.-
523 3069 674 3131 Terminus
683 3070 740 3130 siue
749 3068 882 3130 montald
891 3067 949 3128 siae
959 3067 1047 3128 oratis
1058 3069 1169 3144 eat-a)
1181 3075 1287 3148 eatepe

190 3167 342 3227 retunlieus
351 3167 701 3247 uelryaealeporemalt'eus
710 3165 1140 3251 :fblut'tivoeuavdamlopus
1150 3167 1289 3245 utaahpia

192 3265 236 3324 uel
249 3265 449 3344 proposuimus
468 3265 512 3324 uel
530 3263 736 3336 aralunae,
750 3281 825 3342 patae
843 3260 1120 3342 puideruutlrihutio
1134 3261 1240 3340 duplae
1250 3269 1289 3323 eal

190 3382 219 3420 sc
230 3384 239 3420 :
250 3383 305 3440 per
314 3381 423 3422 aarum
436 3362 622 3421 musaeum
635 3359 845 3432 habitudinem,
855 3359 900 3419 vel
904 3379 961 3438 por
973 3359 1159 3418 irttrimeeam
1171 3361 1288 3437 partiei-

190 3460 336 3536 petionem
356 3458 561 3538 somnam-c.)
583 3457 744 3536 depuleris
770 3463 796 3516 et
811 3456 991 3526 'turmatim
1011 3457 1167 3516 minaris
1193 3455 1296 3518 aulem

192 3559 349 3620 eededa'mu
361 3563 388 3618 et
401 3557 620 3625 distributivae:
641 3555 840 3616 aestumare
853 3574 917 3616 vero
926 3555 1128 3634 partitam-is,
1143 3557 1289 3615 universa»

191 3657 236 3726 lia,
259 3653 610 3730 hammtdmdaliat-d)
631 3655 748 3732 primae
770 3655 1009 3713 intentionum
1032 3651 1128 3724 reatu
1148 3651 1290 3712 senatulue
1314 3687 1326 3704 ·

192 3754 361 3814 attentionis
383 3773 433 3813 seu
457 3751 564 3831 tyara
573 3750 653 3829 be)
669 3751 827 3811 addamus
838 3751 883 3810 ael
894 3755 1038 3811 merolus
1047 3749 1131 3825 s-ll
1146 3749 1291 3810 molatae

192 3851 238 3912 uel
256 3847 546 3928 eonuotativuas—g)
568 3849 696 3922 munem,
711 3847 867 3927 dahparati,
881 3849 1022 3927 opponat:
1043 3848 1181 3926 oppositio
1195 3853 1290 3907 autem

192 3948 382 4029 ptudmcplea,
390 3947 512 4008 relativa
521 3967 567 4006 se:
578 3949 735 4020 centraria,
744 3947 899 4024 privativa,
909 3943 1139 4017 mundatoria,
1150 3944 1234 4020 :-h)
1246 3947 1291 4004 iu·
1405 3949 1409 3954 '

192 4045 351 4124 mmpleaus
364 4051 390 4105 el
403 4043 611 4123 amplam-

235 4239 304 4301 Hae
331 4249 401 4300 sunt
429 4239 607 4319 praecipuae
634 4237 784 4317 partion-
813 4235 930 4315 utrique
957 4235 1085 4297 termino
1112 4255 1290 4298 communes.

194 4337 265 4399 Hoc
278 4357 371 4398 unum
387 4336 513 4398 observa
527 4335 576 4396 hie
600 4335 678 4396 sumi
693 4333 853 4395 terminum
867 4333 1027 4394 mentalem
1050 4353 1101 4394 seu
1115 4343 1291 4414 eoneeptum
