3172 4950
305 441 343 502 aa
800 440 918 520 noyer.

306 635 392 696 modo
415 637 613 696 communiter
634 637 665 696 in
686 635 843 709 cmuibue;
863 649 893 698 et
906 637 1008 716 aliquo
1023 637 1112 698 modo
1135 635 1306 716 specialiter
1320 636 1351 696 in
1367 635 1412 707 iis,

305 754 381 812 «puae
395 733 435 794 ad
449 733 583 796 homines
597 736 747 814 pertinent
761 745 889 796 tantum.

345 832 574 894 “Communitur
597 843 698 893 autem
723 833 876 894 invenitur
898 831 1021 912 aliquod
1043 831 1234 893 denominari
1249 831 1406 910 abaliquo

304 929 480 1002 extrinsece,
497 929 543 990 vel
558 929 721 990 secundum
737 930 883 990 rationem
898 951 1013 1001 causae,
1026 929 1073 990 vel
1084 929 1247 991 secundum
1259 929 1405 988 rationem

306 1047 460 1086 mensurae
480 1027 705 1105 (denominatur
727 1028 805 1087 enirn
829 1027 944 1107 aliquid
971 1038 1124 1089 causatum
1148 1039 1177 1087 et
1202 1039 1405 1086 mensuratum

305 1123 344 1182 ab
358 1123 461 1202 aliquo
475 1123 645 1201 exteriore).
687 1125 765 1184 Cum
780 1135 880 1184 autem
895 1136 1025 1203 quatuor
1039 1126 1099 1184 siut
1113 1143 1270 1184 cansarum
1286 1142 1406 1201 genera,

305 1220 365 1280 duo
379 1241 416 1280 ex
431 1219 477 1279 his
490 1231 559 1282 sunt
583 1231 682 1299 partes
705 1221 856 1293 essentiae,
870 1221 983 1282 scilicet
1005 1221 1131 1282 materia
1145 1233 1175 1281 et
1190 1221 1304 1282 forma:
1328 1220 1409 1303 unde
1434 1217 1439 1232 ’

307 1316 496 1394 praedicatio,
521 1337 597 1395 quae
624 1327 721 1396 posset
748 1317 810 1376 fieri
835 1317 998 1377 secundum
1024 1317 1096 1378 hacc
1121 1315 1190 1390 duo,
1216 1317 1345 1395 pertinet
1367 1315 1405 1375 ad

306 1413 578 1490 praedicamentum
598 1413 799 1486 substantiam
822 1425 924 1494 utpote
937 1415 962 1474 si
984 1415 1120 1474 dicamus
1142 1414 1222 1493 quod
1237 1413 1345 1474 “homo
1360 1427 1402 1474 ast

307 1508 478 1569 1·atioualis”
493 1520 523 1569 et
536 1509 644 1570 “bomo
655 1520 698 1570 est
712 1511 897 1589 corporeus.'’
933 1509 1032 1572 Causa
1046 1521 1147 1572 autem
1159 1511 1258 1571 finalis
1270 1532 1328 1571 non
1341 1530 1409 1570 rau·

305 1618 352 1666 ¹-ut
371 1627 501 1668 seorsum
522 1607 637 1686 aliquid
652 1607 691 1667 ab
705 1619 829 1686 agente:
852 1608 882 1666 in
899 1617 1015 1668 tantum
1032 1609 1111 1668 enim
1126 1608 1193 1669 finis
1208 1608 1299 1669 babet
1320 1610 1410 1670 ratio·

307 1725 372 1762 uem
385 1724 499 1776 caueae,
508 1703 539 1764 in
548 1713 695 1784 quantum
705 1716 804 1765 movet
812 1714 959 1783 agentem.
986 1705 1134 1766 Remanet
1142 1706 1235 1785 igitur
1243 1705 1307 1767 sola
1316 1727 1406 1766 causa

306 1819 405 1877 rigens,
416 1820 434 1858 a
445 1820 505 1878 qua
517 1811 613 1880 potest
623 1800 809 1860 denominari
819 1799 934 1880 aliquid
945 1802 1022 1862 sicut
1033 1801 1070 1861 ab
1081 1805 1223 1862 auteriori.
1251 1801 1301 1862 Sic
1313 1802 1406 1880 igitur·

305 1896 467 1956 secundum
492 1895 571 1974 quod
597 1895 711 1974 aliquid
737 1895 1077 1958 denominaturaoausa
1096 1909 1212 1976 agente,
1231 1909 1275 1958 eet
1294 1897 1409 1976 praedi·

305 2003 475 2053 camentum
485 1993 641 2067 Prusiouis,
651 2014 721 2055 nam
734 1996 796 2073 pati
808 1994 851 2054 nil
861 2004 904 2054 est
913 1995 1007 2068 aliud,
1016 2016 1107 2074 qoam
1117 1997 1282 2074 “suscipere
1291 1995 1408 2074 aliquid

306 2090 345 2150 ab
366 2091 499 2169 agente.”
541 2091 710 2152 Secundum
733 2103 832 2152 autem
843 2092 929 2170 ,quod
943 2113 960 2152 e
974 2103 1077 2152 contra
1091 2091 1303 2154 denominatur
1317 2115 1408 2154 cauea

305 2209 396 2267 agens
410 2187 449 2248 ab
463 2189 577 2263 effectu,
588 2199 632 2250 est
643 2190 916 2268 praedicamentum
928 2191 1080 2250 Aetionis:
1105 2211 1175 2250 nam
1190 2191 1269 2252 actio
1283 2203 1327 2251 εει
1341 2195 1406 2255 f‘ac·

307 2299 354 2346 tus
368 2285 407 2346 ab
429 2297 535 2364 agente
557 2286 589 2345 in
611 2285 723 2358 aliud‚”
739 2297 773 2346 nt
796 2307 887 2364 snpra
911 2285 1024 2346 dictum
1049 2286 1286 2348 est-Mensura
1307 2297 1408 2347 autem

209 2437 215 2452 ,
306 2381 452 2460 ‹puucdam
464 2395 508 2442 est
519 2383 687 2454 intrinseca,
698 2383 846 2461 quaedam
858 2391 901 2442 est
911 2383 1086 2443 extrinseca.
1101 2381 1268 2444 lutrinseca
1278 2383 1409 2463 quidem,

306 2481 382 2541 sicut
394 2479 514 2559 propria
524 2479 679 2559 longitudo
689 2481 928 2559 uniuscujusque,
937 2490 966 2540 et
976 2478 1105 2540 latitudo
1113 2489 1142 2540 et
1150 2461 1356 2558 profunditas:
1370 2477 1410 2540 ab

308 2577 352 2635 his
366 2597 436 2654 crgo
450 2575 661 2636 denominatur
674 2575 790 2655 aliquid
804 2577 881 2637 sicut
891 2575 930 2635 ab
944 2575 1104 2636 intrinseco
1118 2575 1307 2636 inhaerente:
1324 2574 1403 2634 unde

308 2674 434 2750 pertinet
444 2672 484 2733 ad
495 2671 975 2752 praedicamentquuantitatis.
999 2671 1171 2732 Exteriores
1180 2681 1280 2732 autem
1293 2691 1406 2731 mensu-

307 2790 357 2830 rae
367 2778 436 2829 sunt
445 2768 574 2848 Tempus
585 2779 615 2828 et
625 2767 732 2828 Ιωειιε.
776 2767 947 2828 Secundum
958 2767 1051 2846 igitur
1061 2767 1141 2846 quod
1152 2766 1268 2846 aliquid
1279 2766 1410 2828 denomi-

258 2864 262 2871 ’
309 2878 400 2927 natur
413 2887 433 2926 a
447 2877 579 2946 tempore
602 2876 645 2925 est
666 2865 940 2944 praedicamentum
967 2864 1112 2940 Quaado:
1133 2863 1296 2924 secundum
1311 2873 1411 2924 autem

307 2964 385 3042 quod
402 2963 612 3024 denominatur
625 2983 644 3022 a
658 2962 723 3022 loco
736 2974 781 3023 eet
803 2962 1078 3041 praedicamentum
1100 2961 1158 3022 Ubi
1171 2971 1201 3022 et
1213 2960 1311 3022 Situm
1333 2959 1413 3038 quod

308 3061 394 3122 addit
408 3082 497 3141 supra
519 3059 583 3122 Ubi
598 3060 732 3121 ordinem
749 3061 880 3139 partium
896 3061 925 3120 in
942 3059 1014 3121 loro.
1057 3059 1127 3120 Hor
1149 3071 1248 3120 autem
1265 3079 1325 3118 non
1349 3068 1413 3118 erat

308 3157 503 3218 necessarium
520 3157 591 3217 addi
603 3177 640 3217 ex
656 3167 742 3236 parte
757 3157 908 3236 temporis,
919 3178 987 3218 cum
1000 3157 1073 3216 ordo
1088 3157 1220 3236 partium
1235 3157 1264 3216 in
1282 3167 1415 3234 tempore

310 3256 339 3315 iu
356 3255 469 3316 ratione
484 3255 625 3333 temporis
639 3255 833 3333 importetur;
855 3264 899 3315 eat
913 3254 991 3314 enim
1007 3265 1125 3333 tempus
1139 3260 1299 3314 “numerus
1316 3265 1414 3314 motus

308 3353 472 3413 secundum
499 3352 581 3431 prius
609 3361 639 3412 et
663 3351 836 3430 posterius.”
878 3351 928 3412 Sic
956 3351 1049 3430 igitur
1073 3350 1188 3430 aliquid
1217 3351 1328 3412 dicitur
1352 3371 1414 3411 esse

310 3449 440 3526 (Quando
454 3449 503 3510 vel
518 3447 581 3511 Ubi
596 3468 649 3528 per
662 3433 934 3510 denominationem
949 3469 967 3506 a
982 3457 1115 3526 tempore
1129 3448 1177 3507 vel
1191 3468 1210 3509 a
1224 3447 1298 3508 ioco.

349 3547 424 3607 “Est
448 3547 538 3608 etiam
562 3545 678 3626 aliquid
701 3544 830 3626 speciale
845 3545 875 3606 iu
898 3545 1079 3606 hominibus.
1121 3544 1158 3604 Iu
1174 3545 1242 3605 aliis
1256 3545 1335 3605 enim
1350 3544 1418 3604 ani·

312 3643 440 3704 malibus
455 3653 564 3704 natura
579 3641 662 3704 dedit
677 3643 858 3704 sufficienter
871 3663 916 3716 ea,
925 3663 1002 3721 quae
1016 3643 1056 3704 ad
1067 3643 1320 3704 conservationem
1335 3642 1416 3703 vitae

310 3743 466 3822 pertinent,
482 3749 516 3802 ut
537 3761 649 3802 cornua
663 3740 703 3802 ad
716 3739 947 3812 defendendum,
963 3742 1075 3802 corium
1091 3761 1225 3819 grossum
1240 3751 1269 3800 et
1284 3739 1415 3819 pilosum

309 3840 347 3900 ad
362 3841 533 3920 tegendum,
548 3839 676 3919 ungulae
691 3838 739 3899 vel
754 3839 870 3920 aliquid
892 3839 1064 3918 hujusmodi
1077 3839 1117 3900 ad
1142 3838 1338 3900 incidendum
1353 3839 1417 3898 sine

309 3937 445 3998 laesione.
489 3937 530 3998 Et
550 3937 592 3996 sic
606 3957 673 3997 cum
690 3935 764 3996 talia
778 3936 923 3996 animalia
937 3935 1080 3996 dicuntur
1094 3945 1221 4008 armata,
1233 3934 1280 3996 vel
1297 3935 1414 4007 vetita,

310 4035 356 4094 vel
372 4033 514 4107 calceata,
529 4021 749 4112 quodammodo
764 4053 822 4093 non
838 4033 1071 4094 denominantur
1081 4031 1121 4093 ab
1133 4032 1235 4111 aliquo
1246 4033 1413 4094 extrinseco

309 4131 358 4192 sed
374 4129 413 4191 ab
428 4129 578 4210 aliquibus
592 4130 651 4190 suis
666 4128 819 4208 partibus3
841 4129 921 4188 unde
934 4129 992 4190 hoc
1008 4129 1134 4189 refertur
1149 4129 1179 4188 in
1194 4128 1230 4188 iis
1244 4128 1284 4188 ad
1299 4127 1417 4206 praedi-

309 4227 512 4289 dicamentum
533 4226 726 4300 substantiae,
741 4237 775 4287 ut
796 4237 870 4306 puta
883 4227 908 4287 si
922 4227 1079 4298 diceretur,
1094 4227 1173 4305 quod
1189 4227 1278 4286 homo
1292 4235 1335 4286 est
1349 4246 1411 4286 ma·

310 4333 418 4386 nuatus
432 4323 481 4385 vel
504 4323 637 4404 pedatim
679 4323 737 4384 Sed
757 4323 928 4405 hujusmodi
943 4343 1003 4384 non
1025 4332 1165 4402 poterant
1178 4322 1243 4382 dari
1259 4323 1373 4384 homini
1389 4343 1408 4382 a
