3172 4950
435 431 440 440 Ι
524 461 570 522 De
587 461 688 522 Pn'mu
704 461 810 522 Mentis
830 461 1011 541 Operatione.

625 847 766 907 PRIMA
790 847 909 908 PARS.

495 1061 539 1101 DE
553 1060 660 1102 PRIMA
676 1059 797 1101 msnrls
811 1059 1030 1101 ornatricem

254 1238 299 1296 10.
343 1236 549 1315 Apprehcnsio
564 1247 623 1297 est:
646 1217 832 1314 “actussquo
847 1255 929 1295 mens
949 1233 1076 1313 alicujus
1090 1232 1196 1311 objecti
1212 1229 1311 1290 notiti-

211 1353 261 1392 am
286 1333 386 1406 babet,
402 1332 478 1393 nihil
503 1333 540 1393 de
561 1354 595 1393 eo
616 1333 793 1393 affirmando
818 1331 866 1392 vel
892 1329 1056 1410 negando.”
1098 1328 1185 1388 Haec
1209 1337 1308 1387 autem

211 1427 317 1506 objecti
330 1428 437 1490 notitia
446 1430 615 1490 continetur
626 1428 719 1507 ipsius
731 1427 867 1507 (objecti)
879 1427 1075 1506 expressione,
1085 1420 1311 1504 reproduc'tione

210 1539 241 1590 et
253 1529 384 1608 quadam
399 1521 484 1608 qnasi
498 1527 703 1600 similitudine,
718 1526 839 1606 quaein
855 1535 953 1586 mente
967 1523 1165 1604 progignitur,
1176 1539 1310 1600 quaeque

209 1633 366 1704 conceptue,
389 1625 546 1697 intellectio,
568 1625 654 1696 notio,
676 1623 792 1684 umbem
812 1623 922 1696 menta,
936 1621 1041 1700 species
1054 1639 1193 1698 represso,
1211 1617 1311 1695 somno

211 1723 358 1796 intellecto,
373 1723 441 1782 idea
457 1721 632 1801 (improprie
647 1720 762 1796 tamen)
778 1718 1039 1780 indiscriminatim
1054 1725 1255 1794 nuncupatur.

250 1818 309 1878 Per
333 1819 414 1879 hunc
429 1817 640 1878 intellectualis
655 1815 898 1897 apprehensionis
911 1827 1012 1876 aetum
1029 1835 1074 1874 res
1088 1811 1309 1893 quodammodo

210 1915 387 1976 transfertur
410 1915 440 1974 in
464 1924 593 1975 mentem
608 1914 638 1974 in
662 1934 756 1992 eaque
778 1912 869 1973 ideol'
932 1912 1059 1972 existere
1072 1909 1195 1989 incipit:
1219 1922 1309 1986 atque

210 2012 280 2072 inde
307 2013 420 2072 factum
448 2023 501 2084 est,
527 2021 561 2072 ut
588 2031 681 2090 quum
710 2030 792 2070 mens
817 2008 1012 2070 similitudine
1040 2006 1148 2087 objecti
1172 2005 1310 2084 inforum-

209 2113 265 2180 tur,
293 2108 443 2188 objectum
472 2107 696 2188 apprehendero,
724 2127 833 2182 cupere,
863 2107 1022 2186 percipere,
1050 2111 1145 2165 tenero
1182 2103 1308 2163 dicatur.

211 2204 298 2265 Haec
319 2214 419 2266 antem
442 2204 549 2284 objecti
570 2204 736 2265 similitudo
757 2201 968 2264 intellectualis
982 2222 1041 2262 non
1057 2210 1101 2262 est
1115 2199 1179 2260 ulla
1194 2203 1308 2259 ratione

210 2301 422 2362 confundenda
436 2322 503 2362 cum
520 2301 790 2380 repraesentatione
810 2299 952 2362 sensitiva
966 2309 1101 2360 autenm
1117 2298 1310 2378 phantasma·

210 2396 298 2470 tibus,
314 2417 390 2476 qnae
413 2398 590 2478 imaginatio
605 2396 776 2458 substernit
799 2396 965 2476 operationi
980 2395 1105 2456 humani
1130 2392 1307 2469 intellectus⁸¹

210 2495 299 2557 Ratio
327 2507 386 2558 est:
409 2506 474 2557 tum
498 2497 570 2575 quia
595 2496 825 2575 repraesentatio
848 2493 1068 2568 intellectualis,
1093 2491 1244 2566 sensitiva,
1258 2491 1305 2554 vel
1346 2511 1348 2518 ¹

208 2592 398 2671 phantastica
412 2593 554 2654 differunt
574 2592 698 2673 objecto,
712 2593 836 2672 formali
848 2591 972 2654 saitem:
994 2601 1058 2652 tum
1073 2591 1146 2670 quia
1166 2590 1248 2670 prior
1261 2601 1305 2650 est

204 2689 341 2767 proprio·
357 2688 562 2769 intelligentis,
590 2690 769 2750 sensationes
804 2699 903 2750 autem
934 2700 963 2750 et
997 2689 1211 2769 phantasmata
1237 2697 1308 2749 sunt

209 2785 322 2846 bomini
335 2787 498 2847 communio
512 2807 580 2848 cum
596 2787 691 2848 brutis
705 2787 918 2848 animantibus.

247 2885 294 2945 11.
337 2883 384 2957 Id,
399 2884 480 2963 qnod
504 2886 692 2965 perceptivus
715 2896 799 2946 actus
820 2885 851 2944 in
876 2893 974 2946 mente
998 2884 1169 2964 reproducit
1183 2893 1212 2944 et
1226 2883 1306 2962 qnod

206 2999 259 3058 per
273 2989 449 3059 conceptum
471 2991 720 3060 repraesentatur,
734 2981 902 3061 Conceptus
923 2981 1060 3060 objectum
1074 2981 1123 3042 vel
1138 2981 1228 3042 etiam
1243 3001 1307 3040 con—

205 3081 301 3153 ceptus
324 3075 476 3155 objections
500 3088 700 3157 nuncupatur.
743 3077 799 3138 Est
822 3087 924 3138 tamen
946 3078 1195 3140 considerandum
1221 3078 1305 3138 aliud

205 3193 265 3232 esse
278 3172 426 3252 objectum
442 3175 590 3234 materiate
604 3187 771 3254 conceptus,
786 3175 870 3236 aliud
884 3196 945 3236 esse
959 3175 1105 3256 objectum
1114 3176 1241 3254 somnole
1253 3195 1304 3235 seu

200 3271 356 3348 proprium
369 3271 509 3350 ejusdem.
551 3271 639 3332 Prius
653 3283 697 3332 est
711 3293 756 3332 res
770 3273 843 3352 ipsa,
855 3293 946 3352 quum
961 3273 1110 3352 perceptio
1124 3273 1255 3352 attingit,
1271 3281 1305 3332 ut

205 3365 258 3426 illa
272 3374 311 3427 ost
324 3369 357 3427 in
371 3389 408 3442 se,
423 3369 453 3429 id
475 3379 518 3430 est
539 3391 606 3430 eum
633 3370 710 3430 notis
735 3370 1026 3450 proprietatibusque
1050 3369 1197 3442 omnibus,
1220 3390 1307 3448 quas·

205 3483 332 3542 cumque
356 3464 466 3526 habet:
489 3466 634 3545 posterius
658 3487 729 3528 vero
754 3479 797 3528 est
821 3467 925 3528 eadent
951 3487 1005 3541 res,
1030 3467 1194 3529 secundum
1224 3467 1303 3547 quod

206 3559 297 3620 habet
312 3560 380 3620 illas
394 3573 489 3635 notas,
504 3563 612 3642 quibus
626 3563 720 3625 hicet
734 3585 815 3625 nunc
829 3585 848 3625 a
862 3574 960 3626 mente
975 3565 1164 3644 exprimitur.
1201 3569 1245 3644 (n.
1261 3565 1303 3642 6.)

247 3657 319 3719 Duo
333 3659 365 3718 in
381 3659 437 3720 bac
461 3660 640 3722 tractatione
664 3661 845 3741 praestanda
868 3671 947 3734 sunt,
962 3682 1090 3740 quornm
1115 3662 1246 3741 primum
1261 3670 1305 3722 est

203 3757 301 3818 varios
315 3767 475 3837 conceptus
496 3768 645 3838 respectus
658 3779 694 3820 ac
708 3759 808 3820 varias
822 3759 914 3838 ipsius
935 3759 1192 3820 denominationes
1205 3758 1302 3822 brevi·

202 3861 247 3912 ter
268 3851 422 3913 declarare
446 3863 475 3914 et
499 3854 753 3933 quemadmodum
779 3855 910 3916 exterius
932 3853 1121 3936 exprimatur
1145 3875 1303 3934 exponere,

200 3948 390 4029 diversosque
414 3952 611 4012 terminorum
628 3952 802 4031 partitiones
816 3951 949 4013 tradere:
971 3952 1136 4014 secundum
1150 3961 1204 4026 est,
1219 3952 1297 4014 hanc

201 4045 328 4124 primam
340 4046 448 4106 mentis
459 4047 660 4126 operationem
673 4047 711 4108 ad
722 4047 949 4126 subsequentem
961 4047 1089 4128 dirigere
1099 4067 1135 4109 an
1144 4047 1299 4122 ordinsro;

198 4145 280 4223 quod
295 4145 514 4224 praestabimus
528 4147 644 4226 agendo
658 4147 695 4206 de
717 4145 956 4220 Universulibus,
971 4145 1008 4206 de
1023 4146 1219 4207 terminorum
1237 4167 1303 4227 pro·

202 4241 389 4320 prietatibus,
404 4243 442 4304 de
456 4242 613 4304 Diuisione
627 4253 657 4304 et
671 4241 864 4315 Definitione,
