3172 4950
492 441 540 502 De
554 441 657 502 Pania
673 440 779 500 Mentis
798 437 979 518 Operatione.
1243 436 1281 496 63
1361 393 1366 400 .

222 636 378 699 Potentiae
392 637 600 698 [medeatuules
613 638 691 697 duae
701 647 779 696 sunt.
809 635 946 712 Quarum
962 639 1025 694 u'na
1039 644 1083 695 est
1096 636 1280 712 manauit-toa

179 732 348 812 diciturque
376 733 560 808 Intellectus,
583 735 635 814 qui
665 755 718 814 pro
741 733 914 794 diversitate
939 744 1061 793 actuum
1084 730 1282 791 diversimode

178 828 407 890 denominatur:
429 830 525 890 altera
552 841 596 891 est
623 832 788 908 qopetitioc,
816 828 986 908 diciturque
1013 829 1134 908 proprio
1162 829 1281 888 nomine

184 925 329 988 Voturiae.
388 993 393 1002 ¹
1054 947 1057 952 ·

217 1022 357 1083 Potentia
377 1022 553 1084 locomotrix
569 1023 688 1085 aliaest
704 1023 837 1095 volandi,
853 1022 916 1083 alia
933 1022 1068 1096 natandi,
1082 1021 1145 1082 alia
1165 1042 1281 1101 progne

179 1118 289 1178 diendi.
332 1118 380 1179 De
407 1119 453 1180 his
480 1119 619 1180 omnibus
653 1119 792 1198 petendis
819 1119 990 1179 accuratius
1017 1119 1048 1178 in
1077 1118 1281 1198 metaphysica

178 1237 307 1295 agemus.
349 1217 394 1278 cf.
417 1217 535 1277 interim
551 1216 787 1296 pulcherrimum
814 1215 976 1276 articulum
992 1215 1022 1276 S.
1037 1214 1178 1276 Thomae.
1207 1214 1281 1276 “Ut

187 1334 252 1373 rum
267 1313 399 1392 quinque
422 1297 532 1392 genera
552 1312 754 1392 potentiarum
777 1311 896 1374 animae
909 1312 969 1372 sint
983 1311 1232 1391 distinguenda?”
1255 1311 1280 1370 1.

77 1487 81 1495 Ι
181 1429 208 1488 p.
223 1431 250 1488 q.
266 1411 313 1470 78.
328 1430 355 1470 a.
373 1410 398 1468 1.

449 1523 495 1565 nn
509 1523 557 1566 111.
574 1511 615 1566 n'r
629 1523 672 1566 1v.
687 1522 802 1565 srncrn
814 1521 1018 1576 ouanrrsms.

216 1700 263 1760 79.
306 1699 354 1760 Da
377 1700 514 1779 passione
540 1709 570 1760 et
597 1698 716 1778 patibili
744 1698 890 1778 qualitate
918 1719 1049 1778 agemus,
1070 1708 1226 1778 tamquam
1249 1699 1279 1758 in

174 1797 379 1875 opportuniori
405 1799 481 1870 loco,
496 1797 526 1856 in
542 1797 754 1876 metaphysica.
796 1796 859 1857 Hic
873 1806 992 1858 tentum
1010 1798 1135 1857 innuere
1147 1797 1281 1868 sufficiet,

175 1913 252 1972 quae
283 1895 320 1954 de
347 1895 393 1954 his
421 1895 587 1974 docuerunt
615 1904 728 1955 veteres
755 1895 924 1978 doctrinam
954 1894 1128 1956 Aristotelis
1154 1897 1279 1974 sequuti.

176 1989 292 2069 Itaque.

214 2087 329 2163 Passio,
344 2099 491 2168 quantum
506 2089 545 2150 ad
560 2110 622 2150 rem
637 2101 820 2169 praesentem
834 2089 952 2162 attinet,
970 2087 1131 2168 tripliciter
1143 2089 1279 2150 sumitur.

175 2184 301 2246 I.—Pro
312 2189 470 2265 receptione
483 2187 607 2266 aljanon
613 2187 728 2265 fornae
737 2188 800 2247 sive
814 2186 888 2247 haec
902 2187 1007 2270 tendat
1017 2187 1047 2245 in
1069 2186 1276 2265 perfectionem

175 2283 226 2354 rei,
240 2282 303 2342 sive
317 2282 347 2341 in
362 2282 647 2343 disconvenientiam
659 2305 665 2354 ;
686 2283 729 2342 sic
742 2283 884 2362 patimur,
895 2282 1017 2360 quando
1031 2281 1166 2343 calorem
1179 2281 1280 2361 recipi-

174 2399 249 2452 mus,
263 2379 326 2440 sive
340 2379 390 2440 hic
405 2380 553 2459 proficuus
567 2380 654 2440 nohis
666 2379 715 2453 sit,
729 2379 792 2439 sive
805 2379 945 2439 nocivus:
967 2379 1009 2439 sic
1023 2380 1114 2440 etiam
1137 2399 1239 2440 sensus
1251 2389 1281 2438 et
1374 2387 1376 2391 “

176 2475 345 2537 intellectus
359 2477 501 2538 dicuntur
523 2477 596 2556 pati,
611 2474 731 2555 quando
754 2475 902 2554 recipiunt
923 2475 1050 2554 speciem
1066 2473 1130 2535 sive
1143 2473 1280 2535 similitu·

175 2571 276 2632 dinem
291 2573 406 2651 objecti.
451 2573 511 2651 (cf.
526 2573 555 2634 S.
570 2572 626 2633 Th.
643 2573 669 2632 l.
684 2593 712 2652 p.
727 2593 755 2652 q.
770 2573 817 2634 79.
832 2593 859 2632 a.
876 2573 918 2648 2.)
960 2571 1107 2632 Ile—Pro
1122 2574 1280 2650 receptione

168 2673 283 2744 santae
297 2669 533 2730 disconvenientia
553 2670 703 2750 subjecto;
724 2679 814 2749 atque
828 2670 872 2730 ita
891 2669 1057 2748 subjectum
1079 2669 1143 2746 pati
1159 2669 1278 2740 dicitur,

177 2767 299 2846 quando
313 2767 442 2828 calorem
467 2767 523 2828 sibi
548 2768 688 2829 nocivum
713 2767 826 2848 recipit.
868 2765 1031 2827 III.—Pro
1058 2766 1196 2846 pentima
1216 2767 1279 2838 illa,

173 2886 246 2944 quae
261 2885 294 2924 ee
302 2867 439 2943 pmaione
448 2850 589 2942 provenit,
601 2877 756 2944 tamquam
767 2863 858 2942 ipsius
869 2864 998 2936 effectus,
1012 2872 1045 2923 ut
1057 2873 1131 2942 puta
1142 2863 1276 2942 nigredo,

172 2982 249 3040 quae
262 2982 301 3022 ex
322 2962 525 3023 combustione
547 2962 705 3022 enascitur.
748 2961 818 3021 Hae
831 2972 930 3022 autem
954 2961 1105 3040 qualitates
1119 2960 1279 3040 tripliciter

174 3081 205 3119 ce
226 3059 338 3119 habent
352 3059 390 3118 ad
414 3059 580 3138 passionem
593 3060 716 3119 scando
729 3057 813 3118 niodo
827 3067 988 3136 acceptam.
1030 3056 1109 3134 Sunt
1129 3075 1275 3135 namque:

173 3156 394 3235 a)—quaedam
411 3155 579 3235 qualitates,
590 3175 667 3235 quae
680 3155 866 3224 solummodo
876 3165 947 3216 sunt
956 3156 1112 3234 principia
1123 3155 1276 3217 actionum

175 3253 221 3314 vel
248 3253 428 3332 passionum,
449 3253 560 3332 quippe
582 3252 698 3313 faciunt
721 3252 857 3331 equidem
882 3253 1057 3332 passionem,
1071 3253 1153 3332 ipsae
1174 3262 1276 3313 tamen

175 3371 233 3408 non
259 3361 421 3410 causantur
444 3371 481 3409 ex
509 3349 657 3429 passione:
679 3361 710 3409 ct
734 3349 903 3428 hujusmodi
929 3359 1007 3422 sunt,
1037 3351 1129 3430 juxta
1154 3360 1279 3422 veteres,

172 3445 263 3519 calor,
279 3447 383 3524 frigus,
397 3447 523 3518 siccitas,
544 3445 716 3506 humiditas.
759 3445 992 3522 Iit—Quaedam
1014 3445 1093 3506 aliae
1109 3456 1188 3518 sunt,
1202 3465 1279 3525 quae

172 3544 330 3622 affimanter
344 3565 380 3603 ex
397 3545 540 3622 passione,
555 3545 636 3623 ipsae
650 3554 749 3604 tamen
765 3565 823 3606 non
839 3556 964 3606 causant
976 3547 1143 3624 pasionem
1161 3547 1278 3618 (secun-

173 3639 211 3698 do
234 3639 321 3700 modo
342 3651 511 3719 acceptam)
533 3641 563 3698 iu
585 3640 655 3712 alio,
676 3641 842 3720 cujusmodi
862 3652 933 3703 sunt
953 3640 1072 3704 colores.
1115 3642 1277 3720 e)-—Aliae

176 3735 297 3796 demum
313 3747 392 3810 sunt,
406 3758 483 3816 quac
504 3738 666 3817 efficiantur
679 3759 716 3797 ex
733 3739 876 3817 passione,
891 3748 921 3799 et
934 3739 1023 3800 simul
1037 3747 1159 3800 manant
1171 3741 1279 3820 passio·

175 3855 241 3895 nem
258 3835 287 3895 in
303 3836 380 3896 alio:
402 3836 572 3915 hujusmodi
586 3848 657 3898 sunt
670 3859 699 3898 v.
713 3859 741 3917 g.
756 3838 860 3898 odores
870 3847 901 3898 et
914 3857 1041 3918 sapores,
1052 3839 1103 3918 qui
1118 3859 1155 3898 ex
1174 3839 1279 3918 priori·

155 3997 157 4000 ¹
177 3931 232 3992 hus
246 3931 331 4004 fiunt,
345 3943 375 3992 et
389 3933 555 4011 passionem
570 3934 710 4013 ingerunt
723 3934 865 3996 sensibus.

213 4027 385 4104 Qualitates
406 4039 517 4101 autem,
537 4050 614 4108 quae
636 4029 748 4108 effeetus
760 4037 827 4090 sant
847 4033 1027 4109 pasionum,
1041 4033 1200 4111 provenire
1213 4053 1278 4112 pos-

171 4135 242 4183 sunt
270 4123 317 4184 vel
345 4145 382 4183 ex
414 4125 517 4185 nativa
544 4125 688 4205 passione,
703 4125 750 4187 vel
778 4147 816 4186 ex
844 4127 1023 4188 accidentali
1050 4129 1186 4207 passione
1214 4129 1277 4190 sive

172 4231 379 4300 perseverante
392 4222 455 4282 sive
478 4233 656 4283 transeunte.
700 4221 886 4285 Proveniant
908 4243 1008 4286 ΗΧ
1023 4228 1122 4286 nah‘oa
1139 4227 1279 4305 passione

168 4317 290 4398 quando
318 4318 524 4396 producuntur
551 4320 581 4378 in
607 4319 672 4398 ipsa
698 4321 888 4398 generatione
912 4321 1046 4401 subjecti,
1073 4335 1105 4384 ut
1129 4334 1173 4384 eat
1198 4345 1227 4386 v.
1248 4346 1277 4404 g,
