3138 4956
833 429 949 506 nysa.

268 671 277 694 ,
383 623 497 682 asma
517 621 628 700 pacm
641 623 841 682 maumonii
861 622 998 694 habetur,
1013 643 1081 682 cum
1102 621 1271 681 intellectus
1292 620 1437 680 abstrahit

338 741 356 778 a
369 721 432 778 sola
445 723 568 778 motata
584 720 770 790 individuali,
785 741 813 779 v.
829 741 857 797 g.
873 720 1017 797 “speciem
1040 719 1167 778 hominis
1182 718 1222 778 ab
1238 719 1284 778 his
1298 718 1436 777 carnibus

338 832 367 877 ct
382 819 427 877 his
438 819 559 888 ossibus,
574 839 651 898 quae
665 839 724 879 noo
738 835 808 878 suot
829 820 866 878 de
880 819 996 878 ratione
1008 819 1125 897 speciei,
1138 817 1189 877 sed
1212 830 1312 896 partes
1333 819 1439 878 indivi-

337 915 388 973 dui
403 927 433 974 et
447 900 513 974 ideo
527 915 590 974 sine
603 916 644 974 eis
658 915 837 974 considerari
853 913 1169 993 potmt.'’-0l›jcclcm
1183 933 1220 972 ex
1238 914 1295 974 bac
1309 914 1437 974 abstrac-

338 1012 418 1070 tioue
440 1012 584 1070 resultans¹
599 1022 643 1070 est
659 1011 720 1070 lius
734 1032 899 1089 corporeum
914 1033 933 1070 a
947 997 1158 1088 singularitate
1171 1010 1292 1088 quidem
1309 1010 1436 1078 abstrac-

337 1121 411 1172 tum,
427 1117 559 1166 attamen
575 1107 764 1166 sensibilibus
786 1107 1002 1166 mutationibus
1016 1105 1153 1165 affectum
1171 1107 1189 1164 i.
1204 1126 1228 1165 e.
1246 1105 1309 1164 Ena
1322 1107 1437 1164 aaudi-

337 1205 402 1263 liter
422 1204 764 1281 amabile-Principia
778 1203 989 1282 speculationis
1002 1203 1189 1280 experientia
1201 1223 1344 1262 sensuum
1359 1202 1437 1261 colli·
1539 1269 1540 1272 Ἰ

338 1313 500 1373 guntur.—

377 1396 530 1456 Secundus
543 1395 655 1474 proclus
664 1397 864 1456 abstractionis
879 1395 1014 1467 hahetur,
1025 1417 1093 1455 cum
1109 1395 1279 1457 intellectus
1293 1397 1437 1475 praesciu-

338 1491 383 1550 dit
397 1511 456 1550 nou
472 1491 560 1551 modo
575 1513 594 1551 a
608 1493 734 1552 materia
748 1492 938 1561 individuali,
953 1493 1109 1553 sedetiam
1124 1513 1143 1553 a
1159 1494 1285 1554 materia
1298 1494 1434 1557 aemidili

339 1610 397 1649 nun
413 1589 482 1649 item
494 1611 513 1649 n
526 1590 650 1650 materia
661 1591 848 1668 intellim'bili.
879 1587 1029 1650 “Materia
1037 1590 1188 1660 sensibilis,
1202 1590 1247 1649 ait
1256 1589 1286 1649 S.
1298 1589 1435 1650 Thomas.

338 1687 448 1747 dicitur
470 1689 595 1747 materia
618 1688 787 1766 corporalis,
801 1687 963 1747 secundum
990 1687 1070 1764 quod
1093 1686 1219 1765 scdjncd
1243 1687 1436 1764 qualitatihus

337 1783 534 1855 sensibilibus,
551 1805 598 1844 sc:
614 1784 722 1854 calido,
736 1784 855 1861 frigido,
870 1783 954 1854 (huo,
965 1783 1048 1842 molli
1063 1793 1093 1842 et
1106 1783 1276 1861 hujusmodi
1291 1805 1298 1842 :
1313 1783 1434 1842 materia

338 1903 409 1942 vero
422 1881 615 1960 iutellipililm
634 1881 745 1941 dicitur
765 1881 942 1952 substantia,
956 1879 1119 1940 secundum
1141 1879 1221 1957 quod
1235 1880 1363 1958 adjacet
1377 1885 1435 1956 isc:

338 1989 380 2038 est
394 1977 574 2056 subjectum)
590 1978 760 2056 quantitati.
803 1977 998 2037 Manifestum
1013 1987 1057 2036 ωε
1071 1975 1270 2054 autem,quod
1285 1978 1435 2055 quantitas

332 2077 419 2147 prim
433 2075 508 2134 inest
521 2074 714 2146 substantiae,
728 2093 819 2152 quam
834 2072 994 2152 qualitates
1014 2072 1174 2132 sensibilffl.
1217 2071 1308 2134 Unde
1321 2073 1436 2151 quanti·

338 2183 423 2240 tates,
435 2181 465 2230 ut
482 2171 599 2229 urimeri
613 2179 642 2230 et
656 2170 853 2230 dimensiones
863 2182 892 2228 et
906 2170 1029 2248 figurae,
1041 2189 1119 2247 quae
1132 2179 1203 2227 sunt
1214 2169 1435 2228 terminationes

338 2269 551 2346 quantitatum,
566 2279 688 2344 possunt
709 2267 889 2326 considerari
910 2266 1023 2344 absque
1037 2254 1219 2326 amabilibus
1232 2266 1435 2345 qualitatibm:

339 2365 417 2444 quod
442 2376 485 2426 est
507 2385 557 2425 eas
578 2365 713 2425 abstrahi
737 2387 755 2422 o
781 2365 903 2424 macria
930 2363 1077 2434 recchila
1098 2383 1157 2424 non
1186 2373 1286 2422 mmen
1318 2378 1432 2441 possum
1539 2410 1540 2452 ,

339 2463 518 2522 considerari
542 2462 604 2521 sine
627 2460 780 2522 intellectu
807 2461 868 2537 isc:
889 2459 1050 2538 conceptu)
1073 2459 1250 2519 ccddornins
1275 2459 1432 2538 quantitati
1539 2453 1540 2518 i

339 2559 497 2635 cujates,-
518 2558 598 2637 quod
620 2569 664 2617 est
677 2577 726 2617 eas
749 2556 883 2616 abstrahi
898 2579 917 2614 o
931 2557 1053 2616 molario
1074 2555 1254 2633 tumtqttiti
1275 2557 1436 2614 commenti:

339 2669 460 2734 possunt
475 2667 574 2714 tamen
600 2653 780 2714 considerari
794 2653 858 2713 siue
871 2652 934 2725 hcc,
950 2651 996 2712 vel
1019 2652 1072 2711 illu
1094 2651 1280 2722 substantia3
1301 2651 1381 2730 quod
1394 2667 1434 2710 est
1539 2629 1540 2676 i

339 2773 387 2812 aas
401 2753 535 2812 abstrahi
546 2774 565 2810 u
579 2753 700 2811 malma
714 2751 893 2828 iutellipilrdi
906 2751 1111 2810 individuali?
1155 2751 1197 2816 (l.
1214 2771 1242 2829 p.
1257 2772 1285 2829 q.
1301 2751 1348 2810 so
1364 2750 1383 2808 1.
1398 2751 1436 2824 c.)
1539 2739 1540 2754 ¹

337 2850 530 2927 *Oblectati
542 2849 638 2908 scibile
652 2869 689 2908 ex
706 2849 762 2907 hac
776 2847 976 2914 abstractione
991 2846 1138 2907 resultans
1152 2857 1196 2907 est
1212 2847 1275 2908 Ena
1288 2853 1435 2927 panim.

338 2949 401 3008 sive
422 2947 584 3018 discretum,
597 2947 659 3006 sive
683 2949 861 3018 maceca,
874 2967 921 3004 sc:
944 2943 1112 3004 substantia
1137 2965 1280 3023 corporea
1301 2945 1358 3004 sub
1379 2945 1438 3004 sola

339 3044 459 3103 notione
472 3042 658 3121 quantitatis,
670 3055 784 3102 remota
795 3044 875 3102 omui
887 3042 1018 3102 sensibili
1031 3041 1436 3120 mutabilitate-Principio
1539 3045 1540 3050 ’

341 3161 411 3201 vcro
425 3161 462 3199 ex
478 3139 563 3199 varia
577 3138 783 3198 observatione
804 3158 995 3197 numerorum
1012 3138 1059 3197 vel
1080 3137 1258 3216 figurarum,
1273 3159 1329 3216 ope
1338 3137 1439 3214 imagi·
1539 3171 1540 3200 r

342 3237 470 3297 trationis
484 3247 702 3313 conceptorum,
717 3234 998 3314 suppeditantur-

379 3334 498 3393 Tertius
512 3332 711 3392 munic
719 3332 830 3410 produc
844 3331 982 3402 habetur,
993 3351 1061 3391 cum
1076 3331 1245 3391 intellectus
1260 3331 1440 3408 praescindit

341 3433 380 3492 ab
395 3431 477 3490 omni
492 3431 618 3490 materia
631 3429 694 3488 sive
707 3429 896 3500 individuali,
910 3429 973 3490 sive
986 3429 1126 3500 mmibili,
1139 3429 1203 3488 sive
1215 3427 1440 3506 intelliqibili-

342 3533 500 3610 objectum
515 3529 619 3590 scibile
625 3549 663 3589 aa
679 3529 735 3588 hac
749 3529 951 3588 abstractione
965 3527 1111 3588 resultans
1119 3539 1163 3589 est
1177 3529 1241 3588 Eas
1254 3531 1441 3588 immutoeinlr
1539 3577 1540 3600 ,

343 3629 391 3688 vel
410 3629 538 3704 positive,
553 3626 601 3686 vel
626 3627 791 3703 monadis.
822 3625 899 3720 ¹Ena
913 3625 1111 3686 immateriale
1129 3629 1251 3704 pocilim
1273 3626 1352 3686 illud
1373 3626 1443 3686 dici-

343 3735 401 3794 tur,
410 3722 490 3802 quod
503 3723 656 3782 materiam
667 3741 783 3792 omnem
795 3721 931 3782 excludit
939 3743 976 3782 ex
987 3733 1093 3801 suapte
1102 3733 1220 3794 natura,
1231 3743 1310 3800 quae
1320 3723 1439 3783 omnino

342 3821 507 3900 spiritualis
521 3833 582 3879 est:
607 3819 775 3898 hujusmodi
791 3831 835 3878 est
853 3840 882 3878 v.
901 3841 929 3896 g.
946 3818 1036 3878 Deus.
1081 3818 1144 3878 Eos
1160 3839 1232 3878 vero
1244 3817 1441 3878 immateriale

342 3922 497 3997 praecinite
507 3917 617 3977 dicitur
631 3917 717 3986 illud,
729 3917 828 3995 inquo
844 3917 986 3976 crateriae
999 3916 1133 3975 exclusio
1143 3937 1161 3975 a
1173 3917 1357 3994 praecisione
1366 3937 1441 3974 men·
1539 3927 1540 3930 ’

343 4019 382 4078 tis
391 4017 530 4095 procedit.
544 4014 725 4093 Hujnsmodi
735 4023 805 4073 sunt
816 4014 949 4072 nmiones
958 4013 1230 4073 trmnoeudentales
1240 4013 1438 4086 Encaustus.

334 4109 411 4185 mci,
426 4117 503 4187 boui,
516 4116 668 4192 potentiae,
684 4121 771 4184 adua,
785 4123 852 4172 etc:
872 4133 948 4191 quae
961 4123 1051 4191 aptae
1064 4123 1135 4172 suut
1156 4113 1248 4172 inmse
1271 4131 1330 4172 nou
1355 4111 1439 4170 modu

346 4214 432 4273 rebus
454 4210 667 4283 materialibus,
681 4209 731 4270 red
746 4211 835 4269 etium
852 4209 1309 4286 immaterialibus—Principia
1322 4209 1438 4287 propria

345 4313 433 4391 hujus
461 4309 669 4370 abstractionis
696 4307 808 4386 gradus
834 4329 913 4366 utero
942 4309 1091 4366 rationum
1112 4307 1262 4366 musac
1297 4306 1439 4365 nituntur.

344 4423 471 4490 suntque
485 4409 586 4470 omnia
599 4407 760 4486 analytica
