<?xml version="1.0" encoding="UTF-8"?>
<!DOCTYPE html PUBLIC "-//W3C//DTD XHTML 1.0 Transitional//EN"
    "http://www.w3.org/TR/xhtml1/DTD/xhtml1-transitional.dtd">
<html xmlns="http://www.w3.org/1999/xhtml" xml:lang="en" lang="en">
 <head>
  <title>
</title>
<meta http-equiv="Content-Type" content="text/html;charset=utf-8" />
  <meta name='ocr-system' content='tesseract 3.04.00' />
  <meta name='ocr-capabilities' content='ocr_page ocr_carea ocr_par ocr_line ocrx_word'/>
</head>
<body>
  <div class='ocr_page' id='page_1' title='image "./logicaegenerali00schigoog_0298.png"; bbox 0 0 3138 4956; ppageno 0'>
   <div class='ocr_carea' id='block_1_1' title="bbox 451 407 1241 487">
    <p class='ocr_par' dir='ltr' id='par_1_1' title="bbox 451 407 1241 487">
     <span class='ocr_line' id='line_1_1' title="bbox 451 407 1241 487; baseline -0.004 -18"><span class='ocrx_word' id='word_1_1' title='bbox 451 408 497 470; x_wconf 87' lang='lat' dir='ltr'>De</span> <span class='ocrx_word' id='word_1_2' title='bbox 523 409 620 470; x_wconf 77' lang='lat' dir='ltr'>Tertio</span> <span class='ocrx_word' id='word_1_3' title='bbox 641 407 749 470; x_wconf 72' lang='lat' dir='ltr'>Maon</span> <span class='ocrx_word' id='word_1_4' title='bbox 768 407 949 487; x_wconf 74' lang='lat' dir='ltr'><strong><em>Operatione.</em></strong></span> <span class='ocrx_word' id='word_1_5' title='bbox 1186 408 1241 468; x_wconf 81' lang='lat'>281</span> 
     </span>
    </p>
   </div>
   <div class='ocr_carea' id='block_1_2' title="bbox 139 601 1355 972">
    <p class='ocr_par' dir='ltr' id='par_1_2' title="bbox 139 601 1355 972">
     <span class='ocr_line' id='line_1_2' title="bbox 180 601 1244 682; baseline -0.001 -20"><span class='ocrx_word' id='word_1_6' title='bbox 180 601 250 666; x_wconf 84' lang='lat'><strong>329.</strong></span> <span class='ocrx_word' id='word_1_7' title='bbox 286 603 308 666; x_wconf 89' lang='lat' dir='ltr'><strong>J</strong></span> <span class='ocrx_word' id='word_1_8' title='bbox 309 623 358 664; x_wconf 82' lang='lat' dir='ltr'>om</span> <span class='ocrx_word' id='word_1_9' title='bbox 370 602 629 682; x_wconf 87' lang='lat' dir='ltr'>age,Priuoipium</span> <span class='ocrx_word' id='word_1_10' title='bbox 640 601 838 662; x_wconf 80' lang='lat' dir='ltr'>imowdiatum</span> <span class='ocrx_word' id='word_1_11' title='bbox 850 601 1120 664; x_wconf 74' lang='lat' dir='ltr'><strong>Demonstrationis</strong></span> <span class='ocrx_word' id='word_1_12' title='bbox 1130 601 1244 681; x_wconf 83' lang='lat' dir='ltr'>duplex</span> 
     </span>
     <span class='ocr_line' id='line_1_3' title="bbox 139 697 1244 779; baseline -0.005 -17"><span class='ocrx_word' id='word_1_13' title='bbox 139 723 158 761; x_wconf 83' lang='lat' dir='ltr'>a</span> <span class='ocrx_word' id='word_1_14' title='bbox 191 699 377 779; x_wconf 90' lang='lat' dir='ltr'>Philosopho</span> <span class='ocrx_word' id='word_1_15' title='bbox 412 698 542 777; x_wconf 90' lang='lat' dir='ltr'>ponitur,</span> <span class='ocrx_word' id='word_1_16' title='bbox 571 698 680 758; x_wconf 84' lang='lat' dir='ltr'>Positio</span> <span class='ocrx_word' id='word_1_17' title='bbox 706 719 758 758; x_wconf 76' lang='lat' dir='ltr'>soz·</span> <span class='ocrx_word' id='word_1_18' title='bbox 788 707 819 758; x_wconf 90' lang='lat' dir='ltr'>et</span> <span class='ocrx_word' id='word_1_19' title='bbox 853 697 1001 776; x_wconf 79' lang='lat' dir='ltr'>Dipnitoo.</span> <span class='ocrx_word' id='word_1_20' title='bbox 1044 697 1157 758; x_wconf 89' lang='lat' dir='ltr'>Positio</span> <span class='ocrx_word' id='word_1_21' title='bbox 1184 707 1244 758; x_wconf 83' lang='lat' dir='ltr'>ast:</span> 
     </span>
     <span class='ocr_line' id='line_1_4' title="bbox 140 795 1355 876; baseline -0.002 -19"><span class='ocrx_word' id='word_1_22' title='bbox 140 798 356 876; x_wconf 72' lang='lat' dir='ltr'>“Principium</span> <span class='ocrx_word' id='word_1_23' title='bbox 373 795 452 875; x_wconf 89' lang='lat' dir='ltr'>quod</span> <span class='ocrx_word' id='word_1_24' title='bbox 478 815 537 856; x_wconf 89' lang='lat' dir='ltr'>non</span> <span class='ocrx_word' id='word_1_25' title='bbox 562 806 606 855; x_wconf 74' lang='lat' dir='ltr'>est</span> <span class='ocrx_word' id='word_1_26' title='bbox 629 795 842 868; x_wconf 85' lang='lat' dir='ltr'>demonstrare,</span> <span class='ocrx_word' id='word_1_27' title='bbox 856 805 958 855; x_wconf 81' lang='lat' dir='ltr'>tamen</span> <span class='ocrx_word' id='word_1_28' title='bbox 983 815 1042 855; x_wconf 90' lang='lat' dir='ltr'>uon</span> <span class='ocrx_word' id='word_1_29' title='bbox 1066 806 1110 855; x_wconf 82' lang='lat' dir='ltr'>ast</span> <span class='ocrx_word' id='word_1_30' title='bbox 1131 815 1245 855; x_wconf 82' lang='lat' dir='ltr'>necesso</span> <span class='ocrx_word' id='word_1_31' title='bbox 1353 803 1355 814; x_wconf 81' lang='grc'>’</span> 
     </span>
     <span class='ocr_line' id='line_1_5' title="bbox 141 891 1244 972; baseline -0.003 -17"><span class='ocrx_word' id='word_1_32' title='bbox 141 895 325 972; x_wconf 77' lang='lat' dir='ltr'>praehabens</span> <span class='ocrx_word' id='word_1_33' title='bbox 339 892 507 953; x_wconf 81' lang='lat' dir='ltr'>docendum</span> <span class='ocrx_word' id='word_1_34' title='bbox 517 891 543 964; x_wconf 85' lang='grc'>;”</span> <span class='ocrx_word' id='word_1_35' title='bbox 566 894 627 970; x_wconf 78' lang='lat' dir='ltr'>(soz</span> <span class='ocrx_word' id='word_1_36' title='bbox 642 891 723 971; x_wconf 92' lang='lat' dir='ltr'>quod</span> <span class='ocrx_word' id='word_1_37' title='bbox 733 901 831 952; x_wconf 87' lang='lat' dir='ltr'>tamen</span> <span class='ocrx_word' id='word_1_38' title='bbox 845 891 905 964; x_wconf 91' lang='lat' dir='ltr'>ille,</span> <span class='ocrx_word' id='word_1_39' title='bbox 916 891 965 952; x_wconf 90' lang='lat' dir='ltr'>eui</span> <span class='ocrx_word' id='word_1_40' title='bbox 976 891 1011 952; x_wconf 89' lang='lat' dir='ltr'>fit</span> <span class='ocrx_word' id='word_1_41' title='bbox 1021 892 1244 964; x_wconf 86' lang='lat' dir='ltr'>demonstratio,</span> 
     </span>
    </p>
   </div>
   <div class='ocr_carea' id='block_1_3' title="bbox 134 987 1245 2711">
    <p class='ocr_par' dir='ltr' id='par_1_3' title="bbox 134 987 1245 2711">
     <span class='ocr_line' id='line_1_6' title="bbox 143 987 1245 1068; baseline -0.003 -19"><span class='ocrx_word' id='word_1_42' title='bbox 143 1011 203 1051; x_wconf 90' lang='lat' dir='ltr'>nou</span> <span class='ocrx_word' id='word_1_43' title='bbox 217 1002 261 1052; x_wconf 79' lang='lat' dir='ltr'>est</span> <span class='ocrx_word' id='word_1_44' title='bbox 276 1011 400 1062; x_wconf 84' lang='lat' dir='ltr'>necesse,</span> <span class='ocrx_word' id='word_1_45' title='bbox 415 997 449 1049; x_wconf 88' lang='lat' dir='ltr'>ut</span> <span class='ocrx_word' id='word_1_46' title='bbox 469 988 661 1068; x_wconf 72' lang='lat' dir='ltr'>praehabuit,</span> <span class='ocrx_word' id='word_1_47' title='bbox 675 1009 722 1048; x_wconf 88' lang='lat' dir='ltr'>so:</span> <span class='ocrx_word' id='word_1_48' title='bbox 744 998 843 1048; x_wconf 89' lang='lat' dir='ltr'>mente</span> <span class='ocrx_word' id='word_1_49' title='bbox 857 988 1029 1067; x_wconf 87' lang='lat' dir='ltr'>conspiciat,</span> <span class='ocrx_word' id='word_1_50' title='bbox 1044 987 1093 1048; x_wconf 92' lang='lat' dir='ltr'>vel</span> <span class='ocrx_word' id='word_1_51' title='bbox 1107 988 1134 1048; x_wconf 90' lang='lat' dir='ltr'>ei</span> <span class='ocrx_word' id='word_1_52' title='bbox 1148 1009 1245 1048; x_wconf 87' lang='lat' dir='ltr'>assen-</span> 
     </span>
     <span class='ocr_line' id='line_1_7' title="bbox 138 1083 1244 1164; baseline -0.001 -19"><span class='ocrx_word' id='word_1_53' title='bbox 138 1087 221 1162; x_wconf 82' lang='lat' dir='ltr'>tiat).</span> <span class='ocrx_word' id='word_1_54' title='bbox 265 1086 406 1164; x_wconf 77' lang='lat' dir='ltr'>Dipaitos</span> <span class='ocrx_word' id='word_1_55' title='bbox 420 1105 491 1146; x_wconf 91' lang='lat' dir='ltr'>vero</span> <span class='ocrx_word' id='word_1_56' title='bbox 512 1093 571 1144; x_wconf 88' lang='lat' dir='ltr'>est:</span> <span class='ocrx_word' id='word_1_57' title='bbox 593 1083 810 1162; x_wconf 87' lang='lat' dir='ltr'>“Principiurn‚</span> <span class='ocrx_word' id='word_1_58' title='bbox 824 1083 904 1163; x_wconf 89' lang='lat' dir='ltr'>quod</span> <span class='ocrx_word' id='word_1_59' title='bbox 927 1103 986 1143; x_wconf 89' lang='lat' dir='ltr'>non</span> <span class='ocrx_word' id='word_1_60' title='bbox 1012 1083 1101 1144; x_wconf 91' lang='lat' dir='ltr'>modo</span> <span class='ocrx_word' id='word_1_61' title='bbox 1126 1093 1244 1144; x_wconf 81' lang='lat' dir='ltr'>nonest</span> 
     </span>
     <span class='ocr_line' id='line_1_8' title="bbox 140 1179 1243 1260; baseline -0.002 -18"><span class='ocrx_word' id='word_1_62' title='bbox 140 1183 354 1254; x_wconf 87' lang='lat' dir='ltr'>demonstrare,</span> <span class='ocrx_word' id='word_1_63' title='bbox 367 1181 419 1242; x_wconf 90' lang='lat' dir='ltr'>sed</span> <span class='ocrx_word' id='word_1_64' title='bbox 433 1179 555 1241; x_wconf 84' lang='lat' dir='ltr'>omnino</span> <span class='ocrx_word' id='word_1_65' title='bbox 570 1201 685 1240; x_wconf 75' lang='lat' dir='ltr'>neccsse</span> <span class='ocrx_word' id='word_1_66' title='bbox 698 1191 743 1241; x_wconf 86' lang='lat' dir='ltr'>est</span> <span class='ocrx_word' id='word_1_67' title='bbox 756 1180 939 1260; x_wconf 85' lang='lat' dir='ltr'>praehabere</span> <span class='ocrx_word' id='word_1_68' title='bbox 952 1180 1148 1240; x_wconf 87' lang='lat' dir='ltr'>doeendum.”</span> <span class='ocrx_word' id='word_1_69' title='bbox 1190 1180 1243 1240; x_wconf 92' lang='lat' dir='ltr'>Ad</span> 
     </span>
     <span class='ocr_line' id='line_1_9' title="bbox 140 1276 1242 1359; baseline -0.004 -19"><span class='ocrx_word' id='word_1_70' title='bbox 140 1283 225 1359; x_wconf 90' lang='lat' dir='ltr'>cujus</span> <span class='ocrx_word' id='word_1_71' title='bbox 248 1282 289 1340; x_wconf 89' lang='lat' dir='ltr'>rei</span> <span class='ocrx_word' id='word_1_72' title='bbox 312 1278 492 1340; x_wconf 85' lang='lat' dir='ltr'>evidentiam</span> <span class='ocrx_word' id='word_1_73' title='bbox 515 1277 764 1338; x_wconf 85' lang='lat' dir='ltr'>considerandum</span> <span class='ocrx_word' id='word_1_74' title='bbox 789 1287 841 1350; x_wconf 88' lang='lat' dir='ltr'>est,</span> <span class='ocrx_word' id='word_1_75' title='bbox 855 1277 887 1337; x_wconf 89' lang='lat' dir='ltr'>iu</span> <span class='ocrx_word' id='word_1_76' title='bbox 909 1276 1160 1336; x_wconf 76' lang='lat' dir='ltr'>demonstratione</span> <span class='ocrx_word' id='word_1_77' title='bbox 1182 1297 1242 1336; x_wconf 88' lang='lat' dir='ltr'>non</span> 
     </span>
     <span class='ocr_line' id='line_1_10' title="bbox 139 1373 1242 1455; baseline -0.002 -19"><span class='ocrx_word' id='word_1_78' title='bbox 139 1378 286 1437; x_wconf 82' lang='lat' dir='ltr'>contineri</span> <span class='ocrx_word' id='word_1_79' title='bbox 300 1377 411 1448; x_wconf 85' lang='lat' dir='ltr'>omnia,</span> <span class='ocrx_word' id='word_1_80' title='bbox 425 1395 502 1455; x_wconf 86' lang='lat' dir='ltr'>quae</span> <span class='ocrx_word' id='word_1_81' title='bbox 515 1385 586 1434; x_wconf 89' lang='lat' dir='ltr'>sunt</span> <span class='ocrx_word' id='word_1_82' title='bbox 599 1373 763 1434; x_wconf 78' lang='lat' dir='ltr'>necessaris</span> <span class='ocrx_word' id='word_1_83' title='bbox 776 1373 816 1433; x_wconf 82' lang='lat' dir='ltr'>ad</span> <span class='ocrx_word' id='word_1_84' title='bbox 829 1373 983 1434; x_wconf 85' lang='lat' dir='ltr'>scientiam</span> <span class='ocrx_word' id='word_1_85' title='bbox 998 1374 1242 1454; x_wconf 86' lang='lat' dir='ltr'>ingeneraadam,</span> 
     </span>
     <span class='ocr_line' id='line_1_11' title="bbox 137 1471 1242 1552; baseline 0 -18"><span class='ocrx_word' id='word_1_86' title='bbox 137 1475 189 1534; x_wconf 88' lang='lat' dir='ltr'>sed</span> <span class='ocrx_word' id='word_1_87' title='bbox 203 1475 325 1534; x_wconf 89' lang='lat' dir='ltr'>omnino</span> <span class='ocrx_word' id='word_1_88' title='bbox 346 1473 466 1552; x_wconf 79' lang='lat' dir='ltr'><strong>requiri,</strong></span> <span class='ocrx_word' id='word_1_89' title='bbox 483 1481 516 1532; x_wconf 90' lang='lat' dir='ltr'>ut</span> <span class='ocrx_word' id='word_1_90' title='bbox 529 1471 647 1532; x_wconf 86' lang='lat' dir='ltr'>animus</span> <span class='ocrx_word' id='word_1_91' title='bbox 661 1471 729 1532; x_wconf 86' lang='lat' dir='ltr'>aliis</span> <span class='ocrx_word' id='word_1_92' title='bbox 743 1472 833 1532; x_wconf 84' lang='lat' dir='ltr'>etiam</span> <span class='ocrx_word' id='word_1_93' title='bbox 856 1471 1009 1551; x_wconf 82' lang='lat' dir='ltr'>principiis</span> <span class='ocrx_word' id='word_1_94' title='bbox 1022 1472 1061 1532; x_wconf 88' lang='lat' dir='ltr'>sit</span> <span class='ocrx_word' id='word_1_95' title='bbox 1074 1471 1242 1552; x_wconf 86' lang='lat' dir='ltr'>dispositus,</span> 
     </span>
     <span class='ocr_line' id='line_1_12' title="bbox 138 1568 1242 1649; baseline -0.002 -18"><span class='ocrx_word' id='word_1_96' title='bbox 138 1582 173 1632; x_wconf 86' lang='lat' dir='ltr'>ut</span> <span class='ocrx_word' id='word_1_97' title='bbox 188 1571 412 1632; x_wconf 85' lang='lat' dir='ltr'>Demonstratio</span> <span class='ocrx_word' id='word_1_98' title='bbox 434 1569 541 1649; x_wconf 86' lang='lat' dir='ltr'>inipso</span> <span class='ocrx_word' id='word_1_99' title='bbox 555 1569 707 1629; x_wconf 89' lang='lat' dir='ltr'>scientiam</span> <span class='ocrx_word' id='word_1_100' title='bbox 723 1568 959 1648; x_wconf 75' lang='lat' dir='ltr'>pariat—Haeo</span> <span class='ocrx_word' id='word_1_101' title='bbox 972 1579 1072 1630; x_wconf 86' lang='lat' dir='ltr'>autem</span> <span class='ocrx_word' id='word_1_102' title='bbox 1095 1570 1242 1649; x_wconf 85' lang='lat' dir='ltr'>principia</span> 
     </span>
     <span class='ocr_line' id='line_1_13' title="bbox 135 1665 1241 1747; baseline 0.002 -21"><span class='ocrx_word' id='word_1_103' title='bbox 135 1669 167 1727; x_wconf 89' lang='lat' dir='ltr'>in</span> <span class='ocrx_word' id='word_1_104' title='bbox 189 1669 304 1747; x_wconf 84' lang='lat' dir='ltr'>duplici</span> <span class='ocrx_word' id='word_1_105' title='bbox 325 1667 521 1727; x_wconf 80' lang='lat' dir='ltr'>inveniuntur</span> <span class='ocrx_word' id='word_1_106' title='bbox 541 1665 918 1742; x_wconf 76' lang='lat' dir='ltr'>differentia-Quaedam</span> <span class='ocrx_word' id='word_1_107' title='bbox 939 1676 1018 1739; x_wconf 89' lang='lat' dir='ltr'>sunt,</span> <span class='ocrx_word' id='word_1_108' title='bbox 1032 1687 1109 1746; x_wconf 86' lang='lat' dir='ltr'>quae</span> <span class='ocrx_word' id='word_1_109' title='bbox 1129 1667 1241 1746; x_wconf 89' lang='lat' dir='ltr'>absque</span> 
     </span>
     <span class='ocr_line' id='line_1_14' title="bbox 136 1761 1242 1842; baseline -0.001 -18"><span class='ocrx_word' id='word_1_110' title='bbox 136 1765 201 1825; x_wconf 84' lang='lat' dir='ltr'>ulla</span> <span class='ocrx_word' id='word_1_111' title='bbox 229 1765 481 1826; x_wconf 77' lang='lat' dir='ltr'>demonstratione</span> <span class='ocrx_word' id='word_1_112' title='bbox 508 1771 738 1842; x_wconf 86' lang='lat' dir='ltr'>cognoscuntur,</span> <span class='ocrx_word' id='word_1_113' title='bbox 766 1761 838 1840; x_wconf 82' lang='lat' dir='ltr'>quia</span> <span class='ocrx_word' id='word_1_114' title='bbox 855 1761 954 1822; x_wconf 90' lang='lat' dir='ltr'>solum</span> <span class='ocrx_word' id='word_1_115' title='bbox 982 1762 1083 1823; x_wconf 87' lang='lat' dir='ltr'>lumen</span> <span class='ocrx_word' id='word_1_116' title='bbox 1104 1763 1242 1824; x_wconf 83' lang='lat' dir='ltr'>naturale</span> 
     </span>
     <span class='ocr_line' id='line_1_15' title="bbox 137 1857 1240 1938; baseline -0.002 -18"><span class='ocrx_word' id='word_1_117' title='bbox 137 1860 307 1922; x_wconf 87' lang='lat' dir='ltr'>intellectus</span> <span class='ocrx_word' id='word_1_118' title='bbox 319 1883 356 1921; x_wconf 87' lang='lat' dir='ltr'>ea</span> <span class='ocrx_word' id='word_1_119' title='bbox 377 1861 464 1919; x_wconf 85' lang='lat' dir='ltr'>docet</span> <span class='ocrx_word' id='word_1_120' title='bbox 485 1879 545 1918; x_wconf 86' lang='lat' dir='ltr'>esse</span> <span class='ocrx_word' id='word_1_121' title='bbox 563 1858 732 1930; x_wconf 71' lang='lat' dir='ltr'>venandae</span> <span class='ocrx_word' id='word_1_122' title='bbox 756 1868 797 1930; x_wconf 83' lang='lat' dir='ltr'>ut,</span> <span class='ocrx_word' id='word_1_123' title='bbox 809 1858 835 1917; x_wconf 90' lang='lat' dir='ltr'>si</span> <span class='ocrx_word' id='word_1_124' title='bbox 856 1857 956 1930; x_wconf 81' lang='lat' dir='ltr'>semol,</span> <span class='ocrx_word' id='word_1_125' title='bbox 971 1859 1042 1937; x_wconf 90' lang='lat' dir='ltr'>quid</span> <span class='ocrx_word' id='word_1_126' title='bbox 1065 1859 1240 1938; x_wconf 78' lang='lat' dir='ltr'>significent,</span> 
     </span>
     <span class='ocr_line' id='line_1_16' title="bbox 135 1953 1240 2036; baseline -0.001 -19"><span class='ocrx_word' id='word_1_127' title='bbox 135 1956 402 2036; x_wconf 68' lang='lat' dir='ltr'>apprehendimus,</span> <span class='ocrx_word' id='word_1_128' title='bbox 424 1955 526 2014; x_wconf 84' lang='lat' dir='ltr'>statim</span> <span class='ocrx_word' id='word_1_129' title='bbox 548 1953 608 2014; x_wconf 89' lang='lat' dir='ltr'>illis</span> <span class='ocrx_word' id='word_1_130' title='bbox 628 1953 868 2032; x_wconf 84' lang='lat' dir='ltr'>acquiescamus:</span> <span class='ocrx_word' id='word_1_131' title='bbox 891 1953 1061 2034; x_wconf 85' lang='lat' dir='ltr'>hujusmodi</span> <span class='ocrx_word' id='word_1_132' title='bbox 1085 1966 1129 2016; x_wconf 85' lang='lat' dir='ltr'>est</span> <span class='ocrx_word' id='word_1_133' title='bbox 1157 1979 1183 2016; x_wconf 90' lang='lat' dir='ltr'>v.</span> <span class='ocrx_word' id='word_1_134' title='bbox 1212 1978 1240 2036; x_wconf 88' lang='lat' dir='ltr'>g.</span> 
     </span>
     <span class='ocr_line' id='line_1_17' title="bbox 137 2050 1241 2132; baseline 0.004 -22"><span class='ocrx_word' id='word_1_135' title='bbox 137 2052 231 2112; x_wconf 91' lang='lat' dir='ltr'>illud:</span> <span class='ocrx_word' id='word_1_136' title='bbox 254 2051 428 2130; x_wconf 79' lang='lat' dir='ltr'>“offinaotio</span> <span class='ocrx_word' id='word_1_137' title='bbox 451 2057 477 2110; x_wconf 76' lang='lat' dir='ltr'>et</span> <span class='ocrx_word' id='word_1_138' title='bbox 490 2050 605 2128; x_wconf 78' lang='lat' dir='ltr'>nepotio</span> <span class='ocrx_word' id='word_1_139' title='bbox 630 2071 689 2110; x_wconf 86' lang='lat' dir='ltr'>non</span> <span class='ocrx_word' id='word_1_140' title='bbox 711 2057 778 2109; x_wconf 83' lang='lat' dir='ltr'>eunt</span> <span class='ocrx_word' id='word_1_141' title='bbox 801 2051 889 2110; x_wconf 78' lang='lat' dir='ltr'>oiinul</span> <span class='ocrx_word' id='word_1_142' title='bbox 908 2051 993 2110; x_wconf 86' lang='lat' dir='ltr'>oero”</span> <span class='ocrx_word' id='word_1_143' title='bbox 1014 2062 1044 2112; x_wconf 90' lang='lat' dir='ltr'>et</span> <span class='ocrx_word' id='word_1_144' title='bbox 1066 2053 1128 2113; x_wconf 89' lang='lat' dir='ltr'>alia</span> <span class='ocrx_word' id='word_1_145' title='bbox 1153 2053 1241 2132; x_wconf 88' lang='lat' dir='ltr'>hujus</span> 
     </span>
     <span class='ocr_line' id='line_1_18' title="bbox 137 2144 1239 2228; baseline 0.002 -20"><span class='ocrx_word' id='word_1_146' title='bbox 137 2149 263 2227; x_wconf 74' lang='lat' dir='ltr'>generis,</span> <span class='ocrx_word' id='word_1_147' title='bbox 277 2155 423 2228; x_wconf 84' lang='lat' dir='ltr'>“quorum</span> <span class='ocrx_word' id='word_1_148' title='bbox 447 2146 641 2217; x_wconf 82' lang='lat' dir='ltr'>contrarium,</span> <span class='ocrx_word' id='word_1_149' title='bbox 657 2156 690 2206; x_wconf 90' lang='lat' dir='ltr'>ut</span> <span class='ocrx_word' id='word_1_150' title='bbox 704 2145 748 2205; x_wconf 87' lang='lat' dir='ltr'>ait</span> <span class='ocrx_word' id='word_1_151' title='bbox 761 2144 790 2205; x_wconf 86' lang='lat' dir='ltr'>S.</span> <span class='ocrx_word' id='word_1_152' title='bbox 806 2144 937 2206; x_wconf 83' lang='lat' dir='ltr'>Thomas</span> <span class='ocrx_word' id='word_1_153' title='bbox 952 2148 994 2226; x_wconf 86' lang='lat'>(1.</span> <span class='ocrx_word' id='word_1_154' title='bbox 1011 2147 1089 2208; x_wconf 81' lang='lat' dir='ltr'>Post</span> <span class='ocrx_word' id='word_1_155' title='bbox 1105 2147 1171 2208; x_wconf 76' lang='lat' dir='ltr'>lect</span> <span class='ocrx_word' id='word_1_156' title='bbox 1187 2151 1239 2222; x_wconf 86' lang='grc'>6.),</span> 
     </span>
     <span class='ocr_line' id='line_1_19' title="bbox 138 2241 1241 2320; baseline 0.001 -18"><span class='ocrx_word' id='word_1_157' title='bbox 138 2244 240 2304; x_wconf 89' lang='lat' dir='ltr'>nullus</span> <span class='ocrx_word' id='word_1_158' title='bbox 261 2245 379 2304; x_wconf 87' lang='lat' dir='ltr'>credere</span> <span class='ocrx_word' id='word_1_159' title='bbox 401 2253 498 2302; x_wconf 89' lang='lat' dir='ltr'>mente</span> <span class='ocrx_word' id='word_1_160' title='bbox 520 2251 624 2320; x_wconf 73' lang='lat' dir='ltr'>potest,</span> <span class='ocrx_word' id='word_1_161' title='bbox 645 2242 698 2300; x_wconf 80' lang='lat' dir='ltr'>etsi</span> <span class='ocrx_word' id='word_1_162' title='bbox 720 2261 770 2300; x_wconf 91' lang='lat' dir='ltr'>ore</span> <span class='ocrx_word' id='word_1_163' title='bbox 792 2241 949 2320; x_wconf 83' lang='lat' dir='ltr'>proferet.”</span> <span class='ocrx_word' id='word_1_164' title='bbox 994 2241 1079 2304; x_wconf 86' lang='lat' dir='ltr'>Haeo</span> <span class='ocrx_word' id='word_1_165' title='bbox 1100 2244 1241 2304; x_wconf 85' lang='lat' dir='ltr'>dicuntur</span> 
     </span>
     <span class='ocr_line' id='line_1_20' title="bbox 139 2337 1237 2420; baseline 0.002 -22"><span class='ocrx_word' id='word_1_166' title='bbox 139 2341 313 2418; x_wconf 70' lang='lat' dir='ltr'>Dipnitatoa</span> <span class='ocrx_word' id='word_1_167' title='bbox 328 2340 376 2400; x_wconf 84' lang='lat' dir='ltr'>vel</span> <span class='ocrx_word' id='word_1_168' title='bbox 390 2339 533 2398; x_wconf 78' lang='lat' dir='ltr'>maximoe</span> <span class='ocrx_word' id='word_1_169' title='bbox 546 2337 768 2417; x_wconf 88' lang='lat' dir='ltr'>propositiones,</span> <span class='ocrx_word' id='word_1_170' title='bbox 784 2347 905 2416; x_wconf 83' lang='lat' dir='ltr'>propter</span> <span class='ocrx_word' id='word_1_171' title='bbox 919 2339 1137 2414; x_wconf 85' lang='lat' dir='ltr'>certitudinem,</span> <span class='ocrx_word' id='word_1_172' title='bbox 1149 2363 1237 2420; x_wconf 89' lang='lat' dir='ltr'>quarn</span> 
     </span>
     <span class='ocr_line' id='line_1_21' title="bbox 139 2434 1239 2500; baseline 0.003 -3"><span class='ocrx_word' id='word_1_173' title='bbox 139 2438 303 2498; x_wconf 83' lang='lat' dir='ltr'>maximam</span> <span class='ocrx_word' id='word_1_174' title='bbox 318 2438 432 2498; x_wconf 86' lang='lat' dir='ltr'>habent</span> <span class='ocrx_word' id='word_1_175' title='bbox 442 2437 484 2497; x_wconf 84' lang='lat' dir='ltr'>ad</span> <span class='ocrx_word' id='word_1_176' title='bbox 501 2435 750 2496; x_wconf 73' lang='lat' dir='ltr'>manifestandum</span> <span class='ocrx_word' id='word_1_177' title='bbox 766 2434 847 2495; x_wconf 85' lang='lat' dir='ltr'>alia:</span> <span class='ocrx_word' id='word_1_178' title='bbox 861 2436 925 2496; x_wconf 89' lang='lat' dir='ltr'>sine</span> <span class='ocrx_word' id='word_1_179' title='bbox 939 2436 985 2497; x_wconf 88' lang='lat' dir='ltr'>his</span> <span class='ocrx_word' id='word_1_180' title='bbox 999 2437 1033 2498; x_wconf 89' lang='lat' dir='ltr'>fit</span> <span class='ocrx_word' id='word_1_181' title='bbox 1049 2437 1239 2500; x_wconf 85' lang='lat' dir='ltr'>Demonstra-</span> 
     </span>
     <span class='ocr_line' id='line_1_22' title="bbox 136 2533 1239 2614; baseline 0.002 -20"><span class='ocrx_word' id='word_1_182' title='bbox 136 2537 178 2596; x_wconf 85' lang='lat' dir='ltr'>tio</span> <span class='ocrx_word' id='word_1_183' title='bbox 194 2536 321 2614; x_wconf 80' lang='lat' dir='ltr'>(quippe</span> <span class='ocrx_word' id='word_1_184' title='bbox 333 2543 400 2596; x_wconf 85' lang='lat' dir='ltr'>octo</span> <span class='ocrx_word' id='word_1_185' title='bbox 414 2534 696 2594; x_wconf 82' lang='lat' dir='ltr'>demonstrationem</span> <span class='ocrx_word' id='word_1_186' title='bbox 713 2553 769 2592; x_wconf 89' lang='lat' dir='ltr'>non</span> <span class='ocrx_word' id='word_1_187' title='bbox 792 2533 1010 2612; x_wconf 83' lang='lat' dir='ltr'>ingrediuntur,</span> <span class='ocrx_word' id='word_1_188' title='bbox 1026 2535 1105 2594; x_wconf 86' lang='lat' dir='ltr'>undo</span> <span class='ocrx_word' id='word_1_189' title='bbox 1126 2556 1239 2596; x_wconf 72' lang='lat' dir='ltr'>necesse</span> 
     </span>
     <span class='ocr_line' id='line_1_23' title="bbox 134 2629 1239 2711; baseline 0 -19"><span class='ocrx_word' id='word_1_190' title='bbox 134 2648 187 2703; x_wconf 82' lang='lat' dir='ltr'>est,</span> <span class='ocrx_word' id='word_1_191' title='bbox 204 2647 237 2692; x_wconf 88' lang='lat' dir='ltr'>ut</span> <span class='ocrx_word' id='word_1_192' title='bbox 251 2653 286 2692; x_wconf 85' lang='lat' dir='ltr'>ea</span> <span class='ocrx_word' id='word_1_193' title='bbox 306 2631 499 2711; x_wconf 81' lang='lat' dir='ltr'>praehabent,</span> <span class='ocrx_word' id='word_1_194' title='bbox 514 2631 565 2709; x_wconf 86' lang='lat' dir='ltr'>qui</span> <span class='ocrx_word' id='word_1_195' title='bbox 587 2629 743 2705; x_wconf 81' lang='lat' dir='ltr'>docetur);</span> <span class='ocrx_word' id='word_1_196' title='bbox 766 2631 846 2708; x_wconf 82' lang='lat' dir='ltr'>ipsae</span> <span class='ocrx_word' id='word_1_197' title='bbox 868 2641 966 2690; x_wconf 85' lang='lat' dir='ltr'>tamen</span> <span class='ocrx_word' id='word_1_198' title='bbox 988 2630 1100 2710; x_wconf 85' lang='lat' dir='ltr'>absquo</span> <span class='ocrx_word' id='word_1_199' title='bbox 1120 2631 1239 2692; x_wconf 88' lang='lat' dir='ltr'>demon-</span> 
     </span>
    </p>
   </div>
   <div class='ocr_carea' id='block_1_4' title="bbox 36 2725 1239 2809">
    <p class='ocr_par' dir='ltr' id='par_1_4' title="bbox 36 2725 1239 2809">
     <span class='ocr_line' id='line_1_24' title="bbox 36 2725 1239 2809; baseline 0 -19"><span class='ocrx_word' id='word_1_200' title='bbox 36 2739 42 2761; x_wconf 87' lang='lat'><strong><em>‘</em></strong></span> <span class='ocrx_word' id='word_1_201' title='bbox 134 2731 277 2794; x_wconf 83' lang='lat' dir='ltr'>stratione</span> <span class='ocrx_word' id='word_1_202' title='bbox 305 2727 651 2809; x_wconf 64' lang='lat' dir='ltr'>cognoscamus-Sunt</span> <span class='ocrx_word' id='word_1_203' title='bbox 686 2737 838 2805; x_wconf 80' lang='lat' dir='ltr'>praeterea</span> <span class='ocrx_word' id='word_1_204' title='bbox 866 2725 928 2786; x_wconf 85' lang='lat' dir='ltr'>alia</span> <span class='ocrx_word' id='word_1_205' title='bbox 957 2727 1112 2807; x_wconf 86' lang='lat' dir='ltr'>principia,</span> <span class='ocrx_word' id='word_1_206' title='bbox 1142 2729 1239 2792; x_wconf 80' lang='lat' dir='ltr'>minus</span> 
     </span>
    </p>
   </div>
   <div class='ocr_carea' id='block_1_5' title="bbox 126 2822 1302 4358">
    <p class='ocr_par' dir='ltr' id='par_1_5' title="bbox 131 2822 1237 3575">
     <span class='ocr_line' id='line_1_25' title="bbox 135 2822 1237 2906; baseline -0.003 -19"><span class='ocrx_word' id='word_1_207' title='bbox 135 2828 316 2899; x_wconf 83' lang='lat' dir='ltr'>communia,</span> <span class='ocrx_word' id='word_1_208' title='bbox 331 2827 362 2886; x_wconf 92' lang='lat' dir='ltr'>in</span> <span class='ocrx_word' id='word_1_209' title='bbox 377 2825 495 2906; x_wconf 90' lang='lat' dir='ltr'>quibus,</span> <span class='ocrx_word' id='word_1_210' title='bbox 510 2825 627 2885; x_wconf 85' lang='lat' dir='ltr'>tametsi</span> <span class='ocrx_word' id='word_1_211' title='bbox 650 2823 855 2902; x_wconf 83' lang='lat' dir='ltr'>praedicatum</span> <span class='ocrx_word' id='word_1_212' title='bbox 876 2822 915 2882; x_wconf 88' lang='lat' dir='ltr'>sit</span> <span class='ocrx_word' id='word_1_213' title='bbox 929 2823 965 2882; x_wconf 87' lang='lat' dir='ltr'>de</span> <span class='ocrx_word' id='word_1_214' title='bbox 985 2825 1098 2883; x_wconf 82' lang='lat' dir='ltr'>ratione</span> <span class='ocrx_word' id='word_1_215' title='bbox 1111 2825 1237 2904; x_wconf 70' lang='lat' dir='ltr'>adjecti,</span> 
     </span>
     <span class='ocr_line' id='line_1_26' title="bbox 133 2919 1236 3004; baseline -0.002 -18"><span class='ocrx_word' id='word_1_216' title='bbox 133 2945 270 3003; x_wconf 85' lang='lat' dir='ltr'>quaeque</span> <span class='ocrx_word' id='word_1_217' title='bbox 294 2923 418 3004; x_wconf 90' lang='lat' dir='ltr'>proinde</span> <span class='ocrx_word' id='word_1_218' title='bbox 437 2943 536 3002; x_wconf 82' lang='lat' dir='ltr'>perae</span> <span class='ocrx_word' id='word_1_219' title='bbox 551 2931 622 2981; x_wconf 78' lang='lat' dir='ltr'>nota</span> <span class='ocrx_word' id='word_1_220' title='bbox 645 2930 724 2992; x_wconf 85' lang='lat' dir='ltr'>sunt,</span> <span class='ocrx_word' id='word_1_221' title='bbox 739 2930 840 2980; x_wconf 70' lang='lat' dir='ltr'>mmen</span> <span class='ocrx_word' id='word_1_222' title='bbox 865 2920 936 3000; x_wconf 86' lang='lat' dir='ltr'>quia</span> <span class='ocrx_word' id='word_1_223' title='bbox 956 2919 1091 2981; x_wconf 86' lang='lat' dir='ltr'>definitio</span> <span class='ocrx_word' id='word_1_224' title='bbox 1112 2922 1236 3002; x_wconf 79' lang='lat' dir='ltr'>subjecti</span> 
     </span>
     <span class='ocr_line' id='line_1_27' title="bbox 136 3017 1235 3096; baseline -0.005 -12"><span class='ocrx_word' id='word_1_225' title='bbox 136 3046 194 3084; x_wconf 88' lang='lat' dir='ltr'>non</span> <span class='ocrx_word' id='word_1_226' title='bbox 210 3035 254 3085; x_wconf 86' lang='lat' dir='ltr'>est</span> <span class='ocrx_word' id='word_1_227' title='bbox 265 3022 404 3083; x_wconf 88' lang='lat' dir='ltr'>omnibus</span> <span class='ocrx_word' id='word_1_228' title='bbox 415 3033 496 3094; x_wconf 84' lang='lat' dir='ltr'>nota,</span> <span class='ocrx_word' id='word_1_229' title='bbox 508 3041 567 3080; x_wconf 85' lang='lat' dir='ltr'>non</span> <span class='ocrx_word' id='word_1_230' title='bbox 578 3031 622 3078; x_wconf 86' lang='lat' dir='ltr'>cst</span> <span class='ocrx_word' id='word_1_231' title='bbox 632 3018 830 3078; x_wconf 85' lang='lat' dir='ltr'>necessarium</span> <span class='ocrx_word' id='word_1_232' title='bbox 841 3028 876 3077; x_wconf 89' lang='lat' dir='ltr'>ut</span> <span class='ocrx_word' id='word_1_233' title='bbox 890 3017 972 3090; x_wconf 86' lang='lat' dir='ltr'>haec,</span> <span class='ocrx_word' id='word_1_234' title='bbox 983 3018 1235 3096; x_wconf 90' lang='lat' dir='ltr'>quemadmodum</span> 
     </span>
     <span class='ocr_line' id='line_1_28' title="bbox 134 3113 1237 3199; baseline -0.004 -21"><span class='ocrx_word' id='word_1_235' title='bbox 134 3121 245 3199; x_wconf 84' lang='lat' dir='ltr'>priora,</span> <span class='ocrx_word' id='word_1_236' title='bbox 265 3119 305 3180; x_wconf 90' lang='lat' dir='ltr'>ah</span> <span class='ocrx_word' id='word_1_237' title='bbox 329 3118 468 3178; x_wconf 86' lang='lat' dir='ltr'>omnihus</span> <span class='ocrx_word' id='word_1_238' title='bbox 492 3115 710 3177; x_wconf 87' lang='lat' dir='ltr'>concedantur:</span> <span class='ocrx_word' id='word_1_239' title='bbox 732 3113 902 3194; x_wconf 86' lang='lat' dir='ltr'>hujusmodi</span> <span class='ocrx_word' id='word_1_240' title='bbox 925 3113 1074 3192; x_wconf 88' lang='lat' dir='ltr'>principia</span> <span class='ocrx_word' id='word_1_241' title='bbox 1095 3114 1237 3176; x_wconf 86' lang='lat' dir='ltr'>dicuutur</span> 
     </span>
     <span class='ocr_line' id='line_1_29' title="bbox 138 3210 1233 3296; baseline -0.005 -20"><span class='ocrx_word' id='word_1_242' title='bbox 138 3219 302 3290; x_wconf 69' lang='lat' dir='ltr'>positiones,</span> <span class='ocrx_word' id='word_1_243' title='bbox 323 3217 434 3296; x_wconf 89' lang='lat' dir='ltr'>quippe</span> <span class='ocrx_word' id='word_1_244' title='bbox 461 3235 539 3292; x_wconf 85' lang='lat' dir='ltr'>quae</span> <span class='ocrx_word' id='word_1_245' title='bbox 566 3232 634 3272; x_wconf 86' lang='lat' dir='ltr'>cum</span> <span class='ocrx_word' id='word_1_246' title='bbox 663 3211 795 3291; x_wconf 86' lang='lat' dir='ltr'>quadam</span> <span class='ocrx_word' id='word_1_247' title='bbox 821 3211 962 3288; x_wconf 82' lang='lat' dir='ltr'>positione</span> <span class='ocrx_word' id='word_1_248' title='bbox 984 3210 1175 3288; x_wconf 83' lang='lat' dir='ltr'>recipiuntur,</span> <span class='ocrx_word' id='word_1_249' title='bbox 1198 3233 1233 3270; x_wconf 82' lang='lat' dir='ltr'>cx</span> 
     </span>
     <span class='ocr_line' id='line_1_30' title="bbox 131 3305 1235 3392; baseline -0.005 -20"><span class='ocrx_word' id='word_1_250' title='bbox 131 3314 227 3392; x_wconf 86' lang='lat' dir='ltr'>iisque</span> <span class='ocrx_word' id='word_1_251' title='bbox 242 3311 375 3392; x_wconf 82' lang='lat' dir='ltr'>procedit</span> <span class='ocrx_word' id='word_1_252' title='bbox 383 3309 604 3371; x_wconf 85' lang='lat' dir='ltr'>demonstratio.</span> <span class='ocrx_word' id='word_1_253' title='bbox 633 3305 682 3367; x_wconf 86' lang='lat' dir='ltr'>Sic</span> <span class='ocrx_word' id='word_1_254' title='bbox 698 3327 724 3366; x_wconf 92' lang='lat' dir='ltr'>v.</span> <span class='ocrx_word' id='word_1_255' title='bbox 740 3328 767 3385; x_wconf 84' lang='lat' dir='ltr'>g.</span> <span class='ocrx_word' id='word_1_256' title='bbox 784 3305 1079 3385; x_wconf 78' lang='lat' dir='ltr'>haspropositiones:</span> <span class='ocrx_word' id='word_1_257' title='bbox 1095 3311 1134 3364; x_wconf 90' lang='lat' dir='ltr'>“a</span> <span class='ocrx_word' id='word_1_258' title='bbox 1145 3327 1235 3385; x_wconf 73' lang='lat' dir='ltr'>pano</span> 
     </span>
     <span class='ocr_line' id='line_1_31' title="bbox 132 3404 1236 3486; baseline -0.002 -20"><span class='ocrx_word' id='word_1_259' title='bbox 132 3417 159 3466; x_wconf 85' lang='lat' dir='ltr'>to</span> <span class='ocrx_word' id='word_1_260' title='bbox 173 3407 213 3467; x_wconf 87' lang='lat' dir='ltr'>od</span> <span class='ocrx_word' id='word_1_261' title='bbox 222 3415 364 3486; x_wconf 69' lang='lat' dir='ltr'>peractam</span> <span class='ocrx_word' id='word_1_262' title='bbox 378 3408 458 3466; x_wconf 84' lang='lat' dir='ltr'>linco</span> <span class='ocrx_word' id='word_1_263' title='bbox 472 3406 541 3465; x_wconf 77' lang='lat' dir='ltr'>deici</span> <span class='ocrx_word' id='word_1_264' title='bbox 549 3411 641 3483; x_wconf 82' lang='lat' dir='ltr'>potest</span> <span class='ocrx_word' id='word_1_265' title='bbox 649 3404 686 3464; x_wconf 89' lang='lat'>:”.</span> <span class='ocrx_word' id='word_1_266' title='bbox 702 3451 708 3463; x_wconf 95' lang='lat'><em>.</em></span> <span class='ocrx_word' id='word_1_267' title='bbox 724 3450 731 3464; x_wconf 90' lang='lat'><strong>.</strong></span> <span class='ocrx_word' id='word_1_268' title='bbox 747 3450 753 3463; x_wconf 90' lang='lat'><strong>.</strong></span> <span class='ocrx_word' id='word_1_269' title='bbox 769 3406 932 3484; x_wconf 50' lang='lat' dir='ltr'>“inaquosis</span> <span class='ocrx_word' id='word_1_270' title='bbox 949 3409 1065 3480; x_wconf 79' lang='lat' dir='ltr'>puncto,</span> <span class='ocrx_word' id='word_1_271' title='bbox 1079 3412 1190 3481; x_wconf 79' lang='lat' dir='ltr'>sarapta</span> <span class='ocrx_word' id='word_1_272' title='bbox 1204 3415 1236 3464; x_wconf 86' lang='lat' dir='ltr'>at</span> 
     </span>
     <span class='ocr_line' id='line_1_32' title="bbox 131 3501 1059 3575; baseline -0.001 -16"><span class='ocrx_word' id='word_1_273' title='bbox 131 3512 236 3575; x_wconf 63' lang='lat' dir='ltr'>castro,</span> <span class='ocrx_word' id='word_1_274' title='bbox 251 3511 290 3563; x_wconf 84' lang='lat' dir='ltr'>est</span> <span class='ocrx_word' id='word_1_275' title='bbox 303 3505 442 3564; x_wconf 73' lang='lat' dir='ltr'>circadam</span> <span class='ocrx_word' id='word_1_276' title='bbox 457 3501 632 3562; x_wconf 77' lang='lat' dir='ltr'>desnibero”</span> <span class='ocrx_word' id='word_1_277' title='bbox 647 3549 654 3561; x_wconf 91' lang='lat'>.</span> <span class='ocrx_word' id='word_1_278' title='bbox 669 3549 676 3560; x_wconf 91' lang='lat'><em>.</em></span> <span class='ocrx_word' id='word_1_279' title='bbox 692 3549 699 3561; x_wconf 95' lang='lat'><em>.</em></span> <span class='ocrx_word' id='word_1_280' title='bbox 715 3549 722 3560; x_wconf 95' lang='lat'><em>.</em></span> <span class='ocrx_word' id='word_1_281' title='bbox 737 3502 897 3562; x_wconf 80' lang='lat' dir='ltr'>Positionos</span> <span class='ocrx_word' id='word_1_282' title='bbox 910 3501 1059 3562; x_wconf 86' lang='lat' dir='ltr'>dicuntur.</span> 
     </span>
    </p>

    <p class='ocr_par' dir='ltr' id='par_1_6' title="bbox 126 3598 1302 4358">
     <span class='ocr_line' id='line_1_33' title="bbox 175 3598 1233 3676; baseline 0.002 -18"><span class='ocrx_word' id='word_1_283' title='bbox 175 3600 241 3660; x_wconf 86' lang='lat'>330.</span> <span class='ocrx_word' id='word_1_284' title='bbox 285 3599 437 3660; x_wconf 77' lang='lat' dir='ltr'>Differam</span> <span class='ocrx_word' id='word_1_285' title='bbox 457 3612 557 3659; x_wconf 87' lang='lat' dir='ltr'>autern</span> <span class='ocrx_word' id='word_1_286' title='bbox 572 3599 734 3658; x_wconf 75' lang='lat' dir='ltr'>Pandiones</span> <span class='ocrx_word' id='word_1_287' title='bbox 753 3608 783 3658; x_wconf 89' lang='lat' dir='ltr'>et</span> <span class='ocrx_word' id='word_1_288' title='bbox 797 3598 964 3676; x_wconf 77' lang='lat' dir='ltr'>Dipaitotes</span> <span class='ocrx_word' id='word_1_289' title='bbox 978 3598 1009 3657; x_wconf 89' lang='lat' dir='ltr'>in</span> <span class='ocrx_word' id='word_1_290' title='bbox 1024 3599 1128 3660; x_wconf 79' lang='lat' dir='ltr'>tribus.</span> <span class='ocrx_word' id='word_1_291' title='bbox 1171 3601 1233 3662; x_wconf 86' lang='lat' dir='ltr'>Pri-</span> 
     </span>
     <span class='ocr_line' id='line_1_34' title="bbox 132 3693 1233 3777; baseline 0.005 -23"><span class='ocrx_word' id='word_1_292' title='bbox 132 3695 398 3776; x_wconf 73' lang='lat' dir='ltr'>mc-thataas</span> <span class='ocrx_word' id='word_1_293' title='bbox 426 3717 583 3777; x_wconf 84' lang='lat' dir='ltr'>numquam</span> <span class='ocrx_word' id='word_1_294' title='bbox 611 3693 802 3755; x_wconf 75' lang='lat' dir='ltr'>darwnstmri</span> <span class='ocrx_word' id='word_1_295' title='bbox 830 3702 966 3773; x_wconf 80' lang='lat' dir='ltr'>poseant:</span> <span class='ocrx_word' id='word_1_296' title='bbox 1000 3706 1032 3756; x_wconf 86' lang='lat' dir='ltr'>at</span> <span class='ocrx_word' id='word_1_297' title='bbox 1067 3697 1233 3772; x_wconf 70' lang='lat' dir='ltr'>Positionea</span> 
     </span>
     <span class='ocr_line' id='line_1_35' title="bbox 132 3792 1233 3876; baseline 0.005 -25"><span class='ocrx_word' id='word_1_298' title='bbox 132 3794 249 3852; x_wconf 77' lang='lat' dir='ltr'>tametsi</span> <span class='ocrx_word' id='word_1_299' title='bbox 264 3793 294 3852; x_wconf 93' lang='lat' dir='ltr'>in</span> <span class='ocrx_word' id='word_1_300' title='bbox 310 3793 364 3853; x_wconf 87' lang='lat' dir='ltr'>illa</span> <span class='ocrx_word' id='word_1_301' title='bbox 378 3793 511 3865; x_wconf 83' lang='lat' dir='ltr'>scientia,</span> <span class='ocrx_word' id='word_1_302' title='bbox 523 3795 606 3873; x_wconf 89' lang='lat' dir='ltr'>cujus</span> <span class='ocrx_word' id='word_1_303' title='bbox 616 3803 687 3854; x_wconf 88' lang='lat' dir='ltr'>sunt</span> <span class='ocrx_word' id='word_1_304' title='bbox 701 3792 858 3872; x_wconf 82' lang='lat' dir='ltr'>principia,</span> <span class='ocrx_word' id='word_1_305' title='bbox 870 3793 1066 3854; x_wconf 85' lang='lat' dir='ltr'>demonstrari</span> <span class='ocrx_word' id='word_1_306' title='bbox 1076 3809 1233 3876; x_wconf 68' lang='lat' dir='ltr'>nequeant,</span> 
     </span>
     <span class='ocr_line' id='line_1_36' title="bbox 130 3879 1302 3969; baseline 0.007 -22"><span class='ocrx_word' id='word_1_307' title='bbox 130 3901 254 3966; x_wconf 81' lang='lat' dir='ltr'>possunt</span> <span class='ocrx_word' id='word_1_308' title='bbox 281 3899 380 3949; x_wconf 82' lang='lat' dir='ltr'>tamen</span> <span class='ocrx_word' id='word_1_309' title='bbox 409 3892 439 3949; x_wconf 90' lang='lat' dir='ltr'>in</span> <span class='ocrx_word' id='word_1_310' title='bbox 467 3891 591 3952; x_wconf 85' lang='lat' dir='ltr'>scientia</span> <span class='ocrx_word' id='word_1_311' title='bbox 619 3890 765 3969; x_wconf 86' lang='lat' dir='ltr'>superiori</span> <span class='ocrx_word' id='word_1_312' title='bbox 800 3879 1234 3955; x_wconf 51' lang='lat' dir='ltr'>demonstrarii—Secundo-</span> <span class='ocrx_word' id='word_1_313' title='bbox 1300 3887 1302 3890; x_wconf 40' lang='lat'>¹</span> 
     </span>
     <span class='ocr_line' id='line_1_37' title="bbox 133 3983 1233 4065; baseline 0.007 -22"><span class='ocrx_word' id='word_1_314' title='bbox 133 3983 381 4062; x_wconf 79' lang='lat' dir='ltr'>Dipaitotessuut</span> <span class='ocrx_word' id='word_1_315' title='bbox 401 4007 561 4046; x_wconf 78' lang='lat' dir='ltr'>wmmuoes</span> <span class='ocrx_word' id='word_1_316' title='bbox 582 3985 719 4065; x_wconf 84' lang='lat' dir='ltr'>pluribus</span> <span class='ocrx_word' id='word_1_317' title='bbox 738 3984 863 4058; x_wconf 79' lang='lat' dir='ltr'>artibus,</span> <span class='ocrx_word' id='word_1_318' title='bbox 879 3985 925 4045; x_wconf 85' lang='lat' dir='ltr'>vel</span> <span class='ocrx_word' id='word_1_319' title='bbox 939 3986 1086 4059; x_wconf 77' lang='lat' dir='ltr'>scientiis;</span> <span class='ocrx_word' id='word_1_320' title='bbox 1106 3999 1140 4048; x_wconf 83' lang='lat' dir='ltr'>at</span> <span class='ocrx_word' id='word_1_321' title='bbox 1153 3989 1233 4051; x_wconf 82' lang='lat' dir='ltr'>Posi·</span> 
     </span>
     <span class='ocr_line' id='line_1_38' title="bbox 129 4084 1232 4165; baseline 0.007 -21"><span class='ocrx_word' id='word_1_322' title='bbox 129 4085 224 4144; x_wconf 83' lang='lat' dir='ltr'>tiones</span> <span class='ocrx_word' id='word_1_323' title='bbox 233 4095 304 4145; x_wconf 88' lang='lat' dir='ltr'>sunt</span> <span class='ocrx_word' id='word_1_324' title='bbox 312 4105 350 4145; x_wconf 88' lang='lat' dir='ltr'>ex</span> <span class='ocrx_word' id='word_1_325' title='bbox 362 4087 489 4146; x_wconf 83' lang='lat' dir='ltr'>materia</span> <span class='ocrx_word' id='word_1_326' title='bbox 500 4085 644 4165; x_wconf 84' lang='lat' dir='ltr'>peculiari</span> <span class='ocrx_word' id='word_1_327' title='bbox 656 4084 740 4145; x_wconf 84' lang='lat' dir='ltr'>illius</span> <span class='ocrx_word' id='word_1_328' title='bbox 749 4084 901 4158; x_wconf 75' lang='lat' dir='ltr'>scientiae,</span> <span class='ocrx_word' id='word_1_329' title='bbox 911 4095 942 4145; x_wconf 87' lang='lat' dir='ltr'>et</span> <span class='ocrx_word' id='word_1_330' title='bbox 949 4097 1073 4164; x_wconf 88' lang='lat' dir='ltr'>propter</span> <span class='ocrx_word' id='word_1_331' title='bbox 1086 4087 1161 4149; x_wconf 83' lang='lat' dir='ltr'>hacc</span> <span class='ocrx_word' id='word_1_332' title='bbox 1171 4089 1232 4152; x_wconf 78' lang='lat' dir='ltr'>duo</span> 
     </span>
     <span class='ocr_line' id='line_1_39' title="bbox 126 4181 1231 4262; baseline 0.003 -19"><span class='ocrx_word' id='word_1_333' title='bbox 126 4181 315 4243; x_wconf 86' lang='lat' dir='ltr'>definiantur</span> <span class='ocrx_word' id='word_1_334' title='bbox 337 4183 377 4243; x_wconf 86' lang='lat' dir='ltr'>ab</span> <span class='ocrx_word' id='word_1_335' title='bbox 401 4182 579 4243; x_wconf 85' lang='lat' dir='ltr'>Aristotele:</span> <span class='ocrx_word' id='word_1_336' title='bbox 601 4181 777 4262; x_wconf 81' lang='lat' dir='ltr'>“principia,</span> <span class='ocrx_word' id='word_1_337' title='bbox 798 4201 876 4260; x_wconf 81' lang='lat' dir='ltr'>qaae</span> <span class='ocrx_word' id='word_1_338' title='bbox 896 4201 957 4242; x_wconf 90' lang='lat' dir='ltr'>non</span> <span class='ocrx_word' id='word_1_339' title='bbox 979 4181 1231 4258; x_wconf 81' lang='lat' dir='ltr'>demonstrantur,</span> 
     </span>
     <span class='ocr_line' id='line_1_40' title="bbox 128 4277 1231 4358; baseline 0.005 -21"><span class='ocrx_word' id='word_1_340' title='bbox 128 4298 183 4337; x_wconf 82' lang='lat' dir='ltr'>neo</span> <span class='ocrx_word' id='word_1_341' title='bbox 203 4290 248 4339; x_wconf 88' lang='lat' dir='ltr'>est</span> <span class='ocrx_word' id='word_1_342' title='bbox 273 4299 388 4339; x_wconf 82' lang='lat' dir='ltr'>necesse</span> <span class='ocrx_word' id='word_1_343' title='bbox 408 4279 594 4358; x_wconf 74' lang='lat' dir='ltr'>praehabens</span> <span class='ocrx_word' id='word_1_344' title='bbox 617 4277 784 4338; x_wconf 83' lang='lat' dir='ltr'>docendum</span> <span class='ocrx_word' id='word_1_345' title='bbox 795 4277 821 4348; x_wconf 84' lang='lat'>;’&#39;</span> <span class='ocrx_word' id='word_1_346' title='bbox 839 4297 913 4338; x_wconf 84' lang='lat' dir='ltr'>nam</span> <span class='ocrx_word' id='word_1_347' title='bbox 934 4277 1058 4358; x_wconf 75' lang='lat' dir='ltr'>propria</span> <span class='ocrx_word' id='word_1_348' title='bbox 1080 4279 1231 4357; x_wconf 71' lang='lat' dir='ltr'>quadimt</span> 
     </span>
    </p>
   </div>
   <div class='ocr_carea' id='block_1_6' title="bbox 650 4373 689 4436">
    <p class='ocr_par' dir='ltr' id='par_1_7' title="bbox 650 4373 689 4436">
     <span class='ocr_line' id='line_1_41' title="bbox 650 4373 689 4436; baseline -0.051 0"><span class='ocrx_word' id='word_1_349' title='bbox 650 4373 689 4436; x_wconf 82' lang='lat'>36</span> 
     </span>
    </p>
   </div>
   <div class='ocr_carea' id='block_1_7' title="bbox 0 0 1574 4956">
    <p class='ocr_par' dir='ltr' id='par_1_8' title="bbox 0 0 1574 4956">
     <span class='ocr_line' id='line_1_42' title="bbox 0 0 1574 4956; baseline 0 3"><span class='ocrx_word' id='word_1_350' title='bbox 0 0 1574 4956; x_wconf 95' lang='lat' dir='ltr'> </span> 
     </span>
    </p>
   </div>
  </div>
 </body>
</html>
