3172 4950
477 465 525 531 De
546 466 650 530 Prittm
664 466 772 530 Meritis
791 467 971 549 Operatione.
1238 463 1274 526 19
1388 455 1391 464 ’

175 683 227 726 rae
241 657 356 744 speciei,
368 675 464 744 potest
478 662 606 743 intelligi
620 673 655 723 nt
669 663 700 722 in
715 662 852 742 pluribus
865 663 1002 724 existens
1037 662 1095 723 Sed
1106 661 1273 740 singulare,

179 763 236 824 hoc
251 763 314 842 ipso
327 763 407 844 quod
422 774 465 824 est
478 762 639 842 singulare,
654 761 699 841 (n.
715 761 778 839 25.)
793 772 836 823 est
849 763 978 824 divisum
994 763 1033 823 ab
1047 761 1185 823 omnibus
1199 761 1273 822 aliis

179 859 269 921 Unde
282 879 370 920 omne
385 880 492 920 nomen
514 859 686 939 impositum
699 858 739 919 ad
752 859 982 938 significandum
1003 859 1125 939 aliquod
1139 857 1276 938 Singula·

179 976 211 1015 re
225 965 268 1016 est
281 955 563 1017 incommunicabile
576 965 607 1017 et
621 977 652 1016 re
665 968 695 1016 et
711 955 853 1016 ratione''
896 956 922 1016 1.
937 978 965 1036 p.
980 978 1007 1036 q.
1024 959 1070 1017 13.
1085 977 1112 1017 a.
1128 957 1155 1017 9.

220 1053 341 1114 Dicitur
362 1054 523 1114 1tr.-Eose
541 1056 576 1133 ia
591 1053 694 1114 'moedis
714 1065 744 1115 et
768 1053 940 1133 praedicari
959 1053 996 1118 de
1009 1055 1113 1114 madia
1156 1051 1275 1129 Quibus

178 1150 276 1211 verbis
289 1149 404 1230 duplex
420 1149 587 1212 universale
607 1151 797 1230 exprimitur,
811 1172 869 1211 sc:
893 1151 923 1211 in
937 1150 1057 1211 emendo
1072 1163 1101 1211 et
1116 1152 1145 1210 in
1161 1148 1275 1229 praedi·

177 1247 283 1320 caindo,
299 1268 426 1327 quorum
441 1247 523 1327 prius
537 1268 596 1308 non
611 1259 674 1310 tam
689 1248 857 1309 universale
871 1257 923 1321 est,
938 1269 1028 1326 quam
1046 1246 1274 1308 tundamentum

177 1343 371 1415 universalis;
400 1344 545 1423 posterius
567 1364 637 1404 vero
660 1345 779 1424 proprie
800 1343 967 1405 universale
987 1357 1031 1404 est
1051 1356 1081 1404 et
1101 1343 1220 1416 dicitur,
1243 1353 1276 1403 at

182 1463 250 1503 mox
266 1441 433 1502 declarabo.

221 1539 342 1600 Dicitur
363 1539 600 1601 rna—Uaioooe:
620 1539 710 1601 debet
733 1540 812 1602 enim
836 1540 909 1601 baec
923 1539 1020 1600 foruna
1040 1561 1101 1600 esse
1116 1559 1173 1600 non
1189 1539 1277 1599 modo

178 1637 282 1697 cadem
306 1637 338 1696 in
363 1636 560 1706 inferioribus,
586 1636 637 1699 sed
661 1658 756 1717 aequo
781 1622 879 1710 modo,
903 1637 1006 1698 eadem
1031 1635 1277 1698 scilicetomnino

180 1735 295 1794 ratione
309 1734 493 1812 participari.
535 1733 620 1794 Hinc
643 1754 662 1794 a
684 1733 854 1795 definitione
877 1732 1053 1795 universalis
1075 1731 1278 1793 excluduntur

178 1830 309 1910 arraloga
333 1830 474 1910 analogia
496 1830 702 1892 attributionis
727 1851 780 1910 per
804 1831 994 1892 intrinsecam
1020 1830 1276 1909 participationem

180 1930 293 1988 t'ormae
313 1929 357 2005 (n.
373 1927 435 2002 24.)

221 2023 343 2085 Dicitur
364 2023 562 2088 v.-Dioieim
576 2025 595 2084 i.
610 2045 634 2084 e
649 2044 717 2084 cum
732 2024 779 2084 sai
793 2023 938 2084 divisione
952 2033 982 2084 et
995 2022 1177 2103 pluralitate.
1221 2022 1278 2084 De

180 2123 258 2180 lictu
273 2119 362 2198 hujus
378 2119 556 2184 conditionis
569 2119 600 2180 N
601 2132 690 2180 atura
704 2119 820 2181 Divina
830 2140 890 2180 non
904 2131 948 2180 aa
962 2119 1145 2181 universalis.
1188 2117 1277 2191 Nam,

180 2214 298 2275 tametsi
323 2215 354 2274 iu
368 2213 474 2286 tribas,
488 2235 523 2276 ac
548 2215 672 2294 proinde
685 2215 717 2275 in
732 2215 878 2295 pluribus,
903 2214 1040 2278 Perennis
1053 2217 1232 2289 inveniatur,
1247 2217 1276 2276 in

180 2317 227 2374 his
242 2327 343 2375 tamen
357 2335 415 2376 non
430 2325 475 2375 est
488 2313 610 2376 divisim
624 2314 675 2376 sed
690 2315 850 2376 indivisim.
916 2315 917 2320 ’

221 2411 268 2472 33.
312 2410 517 2487 Quamobrem
532 2410 571 2471 ad
586 2411 732 2472 rationem
741 2411 929 2473 Universalis
943 2423 1073 2490 quatuor
1087 2411 1279 2491 requiruntur

181 2509 366 2569 (auditiones
378 2507 492 2570 scilicet
506 2508 539 2585 a)
555 2509 673 2580 unitam
688 2508 719 2582 bl
735 2509 891 2588 aptitudo;
906 2510 934 2588 c)
951 2510 1133 2580 univocitas;
1156 2509 1189 2587 d)
1204 2509 1279 2571 divi·

179 2606 232 2664 sio.
276 2604 365 2680 Quae
377 2604 500 2684 quidem
514 2604 555 2665 ad
568 2605 643 2666 duas
664 2605 799 2668 revocari
823 2605 912 2666 facile
932 2617 1054 2686 possunt
1068 2606 1108 2668 ad
1135 2606 1277 2668 Unitatem

179 2723 228 2761 sc:
250 2710 280 2761 et
293 2699 618 2761 ammanaataaatea
660 2699 706 2764 Ut
727 2701 820 2781 igitur
833 2701 948 2781 aliquid
970 2703 1009 2764 sit
1022 2723 1058 2764 ac
1072 2703 1280 2766 denominetur
1359 2731 1365 2744 ·

183 2797 371 2872 Universala
386 2817 536 2858 necessum
551 2807 603 2859 est

223 2893 411 2956 Primo-Ut
424 2893 463 2954 sit
476 2915 570 2954 anam
583 2897 617 2955 ia
628 2917 667 2968 ee,
682 2915 785 2969 anum,
800 2897 932 2976 inquam,
947 2917 1005 2958 non
1028 2907 1146 2958 tantum
1162 2898 1280 2958 nomine

181 2991 234 3049 sed
249 3001 279 3050 et
292 2990 415 3050 ratione.

223 3085 447 3149 Secundo-Ut
460 3090 499 3148 sit
517 3087 656 3167 plaoibaa
676 3088 817 3169 subjectis
832 3089 924 3169 (quae
944 3089 1011 3150 ideo
1025 3091 1117 3169 ipsius
1141 3091 1281 3169 irisaiora

183 3183 340 3260 dicuntur)
356 3184 598 3257 motatoticabile,
613 3185 656 3246 ita
670 3194 704 3245 ut
718 3185 749 3245 in
770 3184 908 3265 pluribus
923 3186 1119 3266 multiplicari
1133 3197 1223 3266 atque
1238 3188 1280 3247 ita

183 3280 418 3360 rnrrltiplicatum
444 3282 597 3342 numerari
618 3281 797 3344 diat-ibatioe
820 3283 919 3362 possit,
940 3283 1192 3362 quemadmodum
1217 3285 1281 3364 ipsa

183 3377 324 3436 inferiora
348 3387 561 3449 numerantur;
584 3389 617 3439 nt
632 3375 659 3438 n.
671 3399 702 3457 g.
718 3399 786 3440 oum
811 3379 878 3440 dico
891 3401 912 3439 a
925 3387 964 3440 eet
986 3379 1075 3453 borao,
1100 3381 1117 3440 b
1141 3389 1179 3442 eet
1200 3381 1281 3442 botae

181 3471 426 3542 aestinatae...
444 3473 639 3535 ,aeetboma

224 3569 348 3631 Bonitas
372 3571 500 3632 traditae
522 3571 702 3634 definitionis
724 3573 890 3634 desumitur
911 3584 976 3634 tum
990 3595 1027 3634 ex
1042 3595 1076 3634 eo
1101 3575 1180 3654 quod
1195 3575 1280 3636 adae·

183 3677 274 3744 quate
295 3666 504 3746 complectitur
525 3667 699 3741 delinitum
721 3680 786 3730 tam
800 3691 837 3730 ex
859 3689 893 3732 eo
916 3671 995 3750 qaod
1011 3691 1071 3732 rem
1095 3671 1281 3734 definitama

182 3781 371 3842 quacumque
398 3764 461 3824 alia
484 3783 516 3824 re
539 3763 698 3845 distinguit
721 3785 757 3827 ac
783 3766 918 3840 secernit,
947 3777 980 3828 ut
1004 3789 1041 3828 ex
1067 3767 1153 3828 dictis
1177 3768 1281 3831 elucet.

182 3857 388 3935 Quamobrem
416 3861 524 3921 mirum
539 3881 599 3921 non
622 3872 674 3935 est,
688 3861 712 3922 si
737 3881 802 3924 eam
828 3883 928 3925 omnes
950 3863 1093 3925 Doctores
1107 3863 1282 3928 Scholastici

184 3955 350 4034 aiuplexati
364 3967 435 4016 eunt
450 3956 479 4015 in
494 3956 609 4018 Comm.
626 3957 656 4016 in
672 3958 763 4019 Arist.
780 3957 852 4038 Org.
868 3959 905 4020 de
919 3959 1084 4039 Categoriis
1095 3972 1125 4022 et
1136 3961 1281 4042 Isagogen

188 4052 346 4132 Porphyri.

226 4150 311 4212 Drco
325 4149 409 4212 11.-
416 4148 582 4212 Uaiaeroole
592 4159 631 4212 ea
641 4151 685 4212 vet
696 4150 922 4233 Metapbyeicam
932 4155 977 4214 oei
985 4151 1124 4232 Lapicam
1134 4178 1144 4214 .-
1154 4157 1284 4234 primam

186 4249 341 4321 Directaoa
355 4247 512 4309 amandam
524 4249 675 4329 Reflaatm
680 4249 753 4328 jare
765 4251 919 4331 metimque
932 4249 1184 4314 denominatae.—

227 4379 275 4438 34.
317 4375 583 4440 Denominationes
604 4379 678 4441 istae
692 4401 710 4442 a
724 4381 842 4442 diverso
862 4381 960 4456 modo,
975 4403 1034 4461 quo
1054 4403 1137 4445 mens
1151 4384 1285 4448 hnmana

182 4474 369 4536 considerare
383 4485 479 4556 potest
493 4486 631 4537 naturam
647 4475 781 4556 aliquam
796 4477 977 4540 abstractam
992 4481 1035 4558 (n.
1052 4479 1113 4558 26.)
1129 4481 1286 4546 desumun-
