3138 4956
458 415 505 475 De
530 415 627 475 Tertia
647 414 755 475 Merito
775 412 954 492 Operatione.

148 609 362 689 c)—Probobit
375 610 599 690 araequeatiom
612 609 669 670 hoc
684 607 788 669 modo:

310 723 478 796 “Ameneae,
498 725 588 802 jueta
609 730 642 794 te,
664 745 723 782 non
743 729 783 782 eat
809 723 986 782 aemonius
1006 719 1122 800 amado
1145 721 1251 778 ueritas

309 807 534 883 praemissorum
547 811 587 864 eet
601 803 700 864 dubio.
742 801 834 882 Atqui
849 822 961 880 semper
973 807 1012 860 eet
1026 798 1126 859 dubio.
1168 798 1248 877 Erpa

311 905 441 945 menam
461 905 619 964 numquam
633 891 671 944 eet
685 880 888 943 accesserim?

191 998 378 1058 Anteccdens
392 997 633 1077 praecedentium
656 997 951 1076 argumentationum
967 995 1026 1055 dici
1051 994 1126 1054 solet
1149 987 1272 1054 Minor

148 1094 336 1172 submmpto:
350 1093 515 1172 eabmmpto
529 1093 667 1173 quidem;
689 1094 761 1173 quia
776 1101 985 1172 argumentum
1001 1091 1140 1160 resumit;
1154 1090 1249 1147 minor

151 1211 230 1262 vero,
245 1191 316 1270 quia
331 1179 472 1270 majorem
488 1191 719 1251 conditionalem
735 1191 885 1270 supponit

190 1285 284 1347 Notet
310 1285 429 1365 insuper
448 1288 598 1366 ,Argaeus
633 1285 732 1347 1.-si
759 1286 880 1366 quando
908 1285 1088 1365 disjunctiva
1116 1293 1249 1362 negetur,

150 1383 238 1444 licere
264 1383 321 1444 sibi
346 1383 385 1444 ab
413 1384 584 1444 adversario
608 1384 736 1444 mediam
758 1393 865 1462 petere,
890 1382 1041 1454 nimirum,
1062 1390 1099 1442 ut
1121 1379 1251 1457 assignet

151 1479 316 1540 membrum
332 1481 529 1561 disjunctivae
551 1481 731 1554 addendum,
747 1491 781 1540 ut
794 1481 979 1541 enumeratio
992 1478 1032 1540 sit
1053 1477 1249 1556 completa.—

151 1575 267 1636 II.—Si
281 1575 469 1638 adversarius
483 1587 570 1656 neget
592 1577 790 1638 universalem
806 1576 1035 1649 conclusionem,
1049 1593 1134 1654 quae,
1148 1571 1248 1634 induo

150 1675 237 1734 tiones
249 1693 314 1752 ope,
328 1673 453 1733 collecta
467 1672 566 1745 fuerit,
578 1673 738 1752 petendum
754 1673 793 1733 ah
808 1692 842 1732 eo
853 1681 905 1745 est,
917 1681 952 1732 ut
965 1671 1071 1731 afferat
1080 1668 1195 1748 aliquid
1207 1669 1245 1728 ad

149 1771 229 1848 quod
244 1770 395 1830 conclusio
408 1769 463 1828 illa
477 1790 537 1830 non
551 1789 582 1830 se
596 1769 755 1830 extendat:
770 1769 827 1830 hoc
839 1778 950 1830 vocant
961 1775 1056 1848 petere
1069 1768 1247 1826 instantiam.

149 1857 427 1927 —Ill.-Medium
444 1866 603 1926 terminum
619 1875 729 1926 temere
740 1887 777 1926 ne
790 1867 937 1938 immutet,
949 1864 1000 1926 sed
1014 1863 1101 1924 illurn
1113 1863 1248 1933 retineat,

149 1964 292 2043 quamdiu
316 1972 425 2042 negata
447 1983 513 2023 cum
538 1963 760 2023 concessissem
784 1963 997 2023 connexionem
1019 1960 1140 2032 hebent,
1156 1971 1190 2019 ut
1204 1960 1249 2018 his

149 2059 260 2138 positis,
274 2059 330 2119 illa
343 2079 461 2137 quoque
475 2079 542 2119 cum
559 2059 819 2120 verisimilitudine
833 2059 936 2119 inferri
951 2057 1071 2138 possint.
1116 2056 1249 2116 Mutatur

149 2167 248 2215 autem
263 2155 376 2215 medina
389 2155 543 2227 terminus,
559 2154 605 2215 vel
620 2176 680 2216 noa
690 2155 852 2234 probando,
866 2154 946 2234 quod
961 2163 1102 2233 negatum
1117 2163 1177 2224 est;
1200 2151 1246 2212 vel

148 2273 207 2311 non
219 2250 412 2312 instaurando
426 2262 636 2330 argumentum
649 2251 839 2311 distinctione
850 2251 1013 2330 disjectum.
1056 2250 1163 2327 Quum
1178 2269 1247 2308 vcro

148 2346 309 2408 difficultas
322 2347 421 2407 soluta
435 2347 534 2420 fuerit,
549 2367 586 2406 ne
600 2359 707 2427 urgeat
726 2347 909 2420 cavillando,
923 2346 974 2407 scd
990 2345 1037 2406 vel
1053 2346 1146 2406 alium
1168 2365 1246 2428 assu-

149 2455 214 2504 mat
241 2445 376 2518 mediam,
405 2445 452 2506 vel
476 2465 553 2524 quae
575 2445 621 2505 illi
645 2455 804 2525 supersunt
827 2455 1005 2525 argumenta
1027 2451 1108 2505 extro
1127 2444 1247 2524 sauma

147 2550 286 2618 exponat
329 2539 416 2601 Haec
441 2541 477 2601 de
502 2540 714 2619 Disputatione
736 2541 818 2602 dicta
841 2541 984 2602 sufficiat:
1008 2555 1077 2600 usus
1101 2552 1131 2600 te
1156 2539 1244 2618 plura

148 2636 315 2697 docebit-

113 2785 119 2798 ,
188 2732 290 2811 Atque
304 2731 346 2792 ita
361 2732 440 2793 hanc
454 2734 592 2793 ultimam
616 2733 747 2814 Logicae
760 2745 885 2813 partem,
899 2754 990 2815 quam
1006 2734 1061 2794 sub
1075 2733 1105 2795 S.
1120 2733 1244 2812 Joscphi

146 2849 181 2888 ac
202 2827 231 2888 S.
255 2828 287 2888 P.
309 2827 422 2908 Ignatii
443 2828 609 2908 patrocinio
630 2831 820 2892 tractandam
841 2831 1031 2911 suscepimus,
1052 2829 1192 2901 finiendo,
1207 2830 1244 2889 ad

72 2998 75 3002 ¹
145 2935 279 3004 optatam
297 2926 415 3004 jamdiu
439 2926 570 3006 Logicae
585 2928 677 2988 totius
691 2939 801 2989 metam
822 2938 852 2989 et
872 2927 1124 3008 complementum
1146 2947 1245 3005 parve

145 3021 252 3082 nimus.
274 3021 327 3081 Nil
342 3022 426 3082 aliud
442 3022 514 3081 mihi
531 3023 742 3102 praestandum
754 3045 834 3084 nunc
849 3034 983 3085 remanet
996 3024 1053 3084 nisi
1067 3044 1120 3084 voe
1132 3043 1244 3102 rogare.

150 3117 256 3178 fratres
269 3118 444 3192 charissimi,
458 3119 489 3177 in
504 3139 630 3197 quorum
645 3121 807 3182 utilitatem
829 3120 885 3182 hoc
900 3141 1007 3181 munus
1021 3121 1060 3181 ab
1075 3105 1245 3181 obedientia

144 3215 218 3274 mihi
233 3216 420 3276 commissum
434 3217 557 3295 suscepi,
573 3226 607 3277 ut
627 3217 701 3278 haec
715 3228 874 3297 praecepta
887 3218 926 3279 od
948 3218 1066 3297 praxim
1082 3217 1244 3289 deducatis,

143 3321 174 3372 et
195 3333 256 3372 una
277 3332 391 3373 mecum
413 3313 526 3392 gratias
546 3333 584 3374 ex
605 3315 694 3375 corde
714 3315 810 3394 agatis
832 3314 898 3375 Deo
918 3313 1043 3393 Optimo
1064 3311 1212 3386 Maximo,
1226 3332 1245 3371 a

143 3409 214 3485 Quo
228 3428 316 3470 omne
329 3409 429 3470 dot-um
443 3411 625 3488 optimumst
644 3411 753 3474 doniam
775 3412 932 3492 perfectum
946 3421 1007 3485 est;
1029 3411 1093 3489 Qui
1114 3410 1242 3482 initium,

143 3525 329 3585 progressum
345 3515 375 3567 et
394 3508 555 3567 terminum
570 3508 662 3582 dedit,
676 3508 734 3569 Cui
747 3509 787 3570 sit
800 3510 895 3570 honor
908 3519 939 3570 et
958 3509 1056 3589 gloria
1070 3509 1100 3568 in
1116 3507 1242 3569 saecula

420 3699 480 3762 Die
499 3699 529 3762 S.
543 3701 675 3782 Joeepho
688 3723 774 3764 sacra
787 3723 867 3764 anno
882 3703 968 3765 1874.
