3138 4956
441 432 488 492 De
515 433 610 492 Tertia
631 431 737 491 Merita
764 429 945 510 Operatione.
1182 427 1238 486 327

138 647 252 698 einum,
267 647 325 688 non
342 627 516 686 tantumnia
530 627 712 698 inventionis,
724 624 803 704 quad
819 635 862 685 est
877 625 1072 694 notissimum,
1083 622 1132 682 sed
1148 622 1237 681 stiam

140 725 189 782 aia
201 723 381 802 discipliuae,
395 725 467 802 quia
482 723 609 782 rationes
619 723 813 782 terminorum
830 721 859 780 in
876 721 922 781 his
936 720 1090 798 principiis
1101 739 1159 778 non
1171 733 1240 778 sunt

140 820 184 880 ita
198 829 286 880 notae
301 839 336 880 ae
357 819 467 890 faciles,
484 831 517 880 ut
530 819 658 878 sufficiat
671 817 823 896 quaelibet
838 817 998 896 propositio
1012 837 1124 887 eorum,
1137 815 1192 874 nisi
1209 815 1239 876 is.

141 916 193 994 qai
209 916 345 988 addiscit,
360 936 409 976 ens
430 916 556 994 maserei
569 937 636 974 cum
658 914 870 992 singularibus,
886 935 962 994 quae
976 915 1069 983 novit,
1084 925 1114 973 ct
1128 912 1238 976 videat.

141 1034 209 1072 curn
227 1012 286 1072 illis
297 1025 326 1073 et
340 1034 407 1094 cum
420 1013 566 1085 omnibus,
578 1033 654 1090 quae
668 1013 705 1071 de
717 1011 827 1072 talibus
842 1012 930 1071 rebus
943 1023 1084 1089 expertus
1098 1021 1240 1081 sauream

140 1111 322 1168 consentire:
344 1110 416 1170 item
438 1130 600 1188 numquam
616 1109 690 1169 talia
712 1109 859 1188 principia
872 1110 1043 1168 instantiam
1057 1110 1106 1186 (ut
1120 1108 1238 1167 dicunt)

144 1228 230 1284 passa
244 1229 312 1267 esse.
356 1207 494 1286 Denique
508 1209 537 1266 iu
555 1207 600 1266 his
615 1217 699 1267 tanta
711 1207 771 1266 fore
782 1227 898 1285 semper
908 1219 951 1266 est
961 1206 1131 1274 difficultas,
1144 1217 1177 1265 ut
1190 1205 1239 1264 vis

144 1305 337 1383 perveniatur
351 1304 389 1364 ad
404 1325 554 1364 assensum
571 1305 723 1383 proprium
739 1304 964 1382 principiorum,
975 1324 1024 1364 seu
1037 1324 1092 1381 per
1102 1325 1130 1362 se
1144 1309 1242 1360 notum

143 1402 181 1460 de
196 1402 255 1461 illis
277 1402 458 1474 habendum,
473 1402 529 1460 nisi
551 1401 718 1460 inductione
731 1411 761 1460 et
775 1403 879 1462 notitia
893 1425 912 1458 a
928 1403 1083 1479 posteriori
1103 1401 1240 1459 sistatur:

142 1519 214 1576 ergo
235 1499 353 1577 signum
370 1499 465 1558 estad
480 1498 674 1558 obtinendum
698 1519 846 1558 assensum
871 1499 1036 1558 evidentem
1052 1519 1089 1557 ex
1110 1497 1241 1575 ipsorum

144 1597 338 1656 terminorum
363 1597 529 1657 rationibus
554 1597 646 1676 probe
670 1598 806 1675 cognitis,
821 1598 946 1658 multam
972 1619 1032 1658 ease
1054 1600 1242 1657 amassariciis.

143 1694 347 1771 eeperientiam
358 1717 368 1764 ,·
389 1695 528 1772 umjorem
548 1695 667 1773 quidem
690 1697 738 1754 via
758 1697 940 1768 inventionis,
955 1696 1082 1775 adipeam
1105 1715 1175 1755 vero
1195 1695 1243 1752 aira

143 1789 335 1867 discipliuae:
357 1791 494 1870 quamvis
510 1812 567 1869 pro
588 1794 773 1870 inperitorum
787 1793 949 1852 diuersitate
971 1793 1066 1872 major
1088 1792 1177 1852 etiam
1195 1792 1240 1851 uel

145 1885 242 1945 minor
268 1885 424 1946 sufficiat.''
467 1886 623 1947 Hactenus
650 1887 769 1960 Saurea,
798 1899 827 1948 ct
854 1890 896 1948 sic
924 1888 1114 1948 constabilita
1142 1905 1239 1947 mainel

144 1998 313 2044 assarna.-

133 2161 137 2169 Ι
186 2179 271 2238 Dico
294 2179 425 2240 V.-Ad
445 2181 591 2240 imitatem
607 2188 702 2240 autem
723 2182 960 2260 confirmandam,
974 2181 1198 2242 collustrandum
1219 2187 1243 2237 ct

145 2274 292 2348 licenda-m,
303 2296 478 2353 sunumopere
492 2277 599 2353 confert
614 2277 789 2354 Dripututin,
801 2277 953 2337 dummodo
968 2280 1022 2336 rite
1034 2284 1243 2354 peraqaturr-

186 2467 253 2526 371.
296 2468 557 2543 Quemadmodum
581 2470 718 2547 Anaiyeia
732 2481 762 2530 et
781 2469 977 2548 sputamen
994 2471 1148 2530 veritatem
1165 2469 1242 2527 inve·

147 2565 285 2624 nicndam
302 2578 412 2624 etcum
435 2566 502 2626 aliis
523 2567 803 2626 communicandam
827 2567 1001 2638 inserviunt,
1018 2567 1060 2626 ita
1075 2565 1242 2642 Disputatio

144 2664 183 2723 ad
199 2664 294 2742 ipsum
308 2665 556 2737 confirmandam,
570 2675 600 2725 et
614 2685 682 2724 oum
697 2685 771 2743 opus
785 2666 877 2725 inerit
898 2665 1051 2735 tuendam,
1066 2673 1176 2722 natura
1189 2681 1243 2720 sua

145 2760 310 2821 ordinatur.
354 2761 409 2822 Est
419 2773 520 2822 autern
535 2761 727 2840 Disputatio;
743 2763 949 2840 “argumentio
961 2763 1048 2821 troius
1062 2760 1099 2820 ad
1115 2759 1243 2818 idteruur

145 2857 272 2936 alicujus
293 2859 368 2928 finis,
383 2881 432 2920 seu
456 2861 607 2938 propositi,
623 2861 794 2920 cateridendi
817 2861 942 2938 gratia.''
986 2859 1047 2919 Hic
1068 2860 1135 2919 finis
1156 2858 1242 2918 debet

145 2977 206 3015 esse
229 2956 347 3030 Veritas,
361 2958 400 3016 ad
415 2979 505 3036 cluam
528 2957 686 3036 tripliciter
706 2978 769 3017 conr
774 2958 872 3036 parari
895 2967 990 3036 potest
1004 2957 1181 3034 Disputatio,
1198 2955 1241 3014 rcl

144 3053 234 3124 caim,
248 3054 407 3129 a)—illam
429 3057 596 3134 confirmare
610 3065 640 3116 et
659 3057 783 3116 strodere
804 3057 908 3116 ‹lireete
929 3055 1075 3124 intendit;
1098 3054 1154 3124 vel,
1170 3054 1244 3128 b)-

147 3149 229 3210 illam
257 3151 397 3211 indirecte
419 3152 546 3230 probare
573 3154 705 3224 assumit,
729 3153 985 3226 contradictoriae,
1008 3152 1055 3212 vel
1078 3152 1244 3211 contrariae

148 3250 355 3327 propositionis
369 3250 529 3310 talsitatem
545 3251 744 3322 ostendendo;
761 3250 807 3310 vel
822 3251 953 3322 demum,
967 3248 1123 3324 e)-illam
1140 3255 1243 3316 tuetur,

146 3345 384 3423 oppugnantium
408 3346 468 3405 tela
491 3346 646 3426 disjiciens.
690 3345 874 3424 Disputatio,
896 3367 972 3424 qnae
995 3366 1048 3424 pro
1074 3344 1131 3403 fiac
1154 3343 1244 3402 habet

147 3443 280 3502 veritatis
301 3445 543 3524 confirmationem
565 3444 711 3514 directam,
725 3443 916 3520 Apodietica:
937 3461 1098 3520 quaerero
1120 3461 1173 3518 pro
1187 3437 1244 3496 fine

146 3538 237 3598 habet
250 3539 385 3599 mucrene
396 3541 601 3618 propositionis
611 3539 839 3617 mnsutatianem,
852 3539 1018 3597 Etenctica:
1033 3557 1109 3615 qaac
1123 3535 1242 3594 deinum

147 3656 200 3713 pro
211 3636 269 3696 fine
280 3635 371 3696 habet
381 3639 525 3695 ueritatem
536 3637 737 3713 impapaatam
746 3637 829 3706 tueri,
847 3634 1033 3712 Apotapetica
1044 3642 1242 3710 rruacupatur.

187 3733 233 3792 De
255 3733 301 3792 his
321 3735 392 3792 satis
412 3753 559 3810 superque
579 3733 616 3791 de
637 3733 896 3810 argumentatione
916 3732 979 3790 sive
992 3727 1243 3807 summittendus

144 3831 333 3889 materialiter
352 3831 485 3908 inspecta
505 3841 635 3906 agentes,
649 3829 847 3888 disseruimus.
891 3827 969 3887 Heio
991 3847 1083 3886 unum
1100 3827 1147 3886 vel
1168 3824 1239 3885 alte

146 3947 211 3986 rum
226 3927 386 3987 adnotabo.

185 4025 252 4084 372.
295 4023 545 4100 Primum—Qui
568 4023 798 4102 disputationem
822 4023 1019 4100 apodicticam,
1039 4042 1089 4081 seu
1115 4019 1243 4099 probati-

146 4143 224 4193 vain,
240 4122 377 4194 instituit,
393 4121 481 4184 debet
495 4130 525 4180 et
546 4121 608 4199 ipse
632 4119 712 4180 clare
737 4131 766 4180 et
789 4119 935 4190 distinete,
950 4119 1028 4197 quod
1053 4116 1240 4196 probandum

143 4219 276 4290 assumit,
290 4219 458 4298 intedipere,
473 4229 503 4279 et
524 4229 663 4279 accurate
680 4237 843 4296 proponere
864 4227 894 4276 et
915 4216 1076 4286 declarare,
1091 4215 1241 4284 terminos,

143 4316 265 4394 quanda
279 4337 354 4395 epus
374 4317 473 4388 fuerit,
488 4313 673 4394 definiendo,·
696 4313 813 4394 limites,
829 4315 909 4372 intra
923 4333 996 4391 quos
1016 4313 1138 4372 assarna
1152 4311 1242 4370 conti·
