3358 4952
404 454 460 512 156
901 413 1017 531 [rodina

400 644 548 704 “Nullum
572 645 647 704 best
661 645 886 705 n'’—“Nullum
902 669 920 705 o
935 653 976 706 eat
997 647 1050 716 b,·''
1073 649 1218 705 corrtroro'n
1241 657 1284 705 est
1307 645 1497 706 anwcdenti.

403 741 656 820 [IL-“Aliquod
670 763 689 802 a
703 754 747 803 sat
761 743 817 815 b:''¹
831 744 909 821 Erpo
921 743 1061 821 “aliquod
1077 744 1097 801 b
1111 753 1154 803 est
1168 743 1222 814 a;'’
1236 743 1314 803 bona
1325 763 1498 821 cottseqnen-

400 841 443 898 tia
457 853 516 911 am
538 840 609 916 qnia
623 839 844 898 contradictoria
859 829 1027 919 posterioris
1042 861 1088 899 sc:

641 937 788 998 “Nullum
804 938 881 999 best
895 939 1121 998 a’'-“Nullum
1137 959 1155 998 a
1169 950 1213 998 est
1229 939 1248 998 b
1260 939 1286 1008 ;”

399 1033 618 1093 c‹›ntrodt'ctor·iu
633 1047 677 1094 θεῖ
690 1035 899 1095 antecedentia.

440 1131 641 1205 Quane-O
654 1151 708 1190 nec
720 1152 774 1211 per
788 1130 926 1202 occidens,
941 1151 996 1190 nec
1009 1126 1174 1208 n'ritplt'citer
1188 1131 1320 1190 converti
1337 1139 1440 1208 potent.

441 1227 465 1314 l.¹
480 1227 599 1305 (pridem
616 1229 718 1306 nequit
732 1229 866 1310 converti
882 1249 939 1306 per
953 1228 1084 1286 orm'dena
1098 1229 1116 1286 i.
1131 1247 1155 1288 o.
1171 1247 1223 1305 per
1238 1226 1434 1286 universalem
1449 1247 1495 1284 ne

399 1326 544 1400 pntivam.
588 1325 668 1384 Nam
684 1325 707 1384 si
723 1325 765 1384 sic
779 1335 1010 1396 converteretur,
1026 1345 1053 1384 v.
1068 1345 1096 1402 g.

559 1421 712 1501 “Aliquod
727 1443 744 1479 o
759 1441 819 1482 non
834 1433 877 1481 est
892 1420 908 1479 b
922 1421 947 1480 :³¹
963 1441 1030 1498 erpo
1045 1420 1192 1480 “Nullum
1209 1420 1283 1480 best
1297 1443 1314 1477 o
1330 1421 1358 1477 :’'

399 1520 566 1598 oppmitutn
583 1518 786 1597 consequentis
801 1517 819 1577 i
834 1539 858 1578 c.

612 1615 765 1694 “Aliquod
780 1616 796 1674 ὁ
812 1626 855 1674 aa
869 1637 886 1672 n
900 1615 927 1697 ²”.
942 1615 998 1685 vel,
1013 1615 1130 1674 “Omne
1144 1613 1161 1672 b
1175 1625 1218 1674 eat
1232 1637 1251 1672 a
1264 1614 1291 1672 :”

398 1721 427 1770 et
441 1725 654 1789 consequenter
873 1775 878 1786 ,
1196 1755 1202 1764 .

791 1807 954 1887 '“Aliquod
970 1831 987 1867 α
1002 1817 1046 1868 est
1060 1808 1097 1867 b”

399 1927 458 1966 non
474 1921 547 1966 esset
556 1911 679 1984 proprie
694 1907 863 1985 oppositum
878 1905 1072 1976 antecedenti,
1088 1925 1155 1966 cum
1171 1905 1250 1993 inter
1263 1915 1423 1983 utrumque
1436 1924 1493 1961 non

398 2007 497 2078 vineat
512 2004 566 2063 nisi
582 2004 728 2082 oppositio
742 1993 950 2064 subcontrario
966 2005 1008 2074 (n.
1026 2003 1108 2079 185),
1123 2012 1153 2063 et
1167 2013 1327 2080 utrumque
1337 2002 1425 2080 possit
1435 2022 1494 2060 esve

398 2121 510 2160 verurn.
554 2100 637 2177 Ergo
651 2101 733 2179 prior
747 2101 899 2160 conversio
914 2101 993 2160 bona
1008 2121 1065 2159 non
1081 2101 1147 2160 fuit.

439 2197 586 2257 ll.—Nec
600 2199 690 2258 etiam
705 2198 838 2258 converti
854 2208 950 2276 potest
963 2199 1130 2275 simpliciter
1144 2198 1163 2257 i.
1177 2219 1201 2256 e.
1217 2219 1270 2276 per
1284 2197 1492 2276 particularem

397 2295 575 2372 negativam.
619 2293 699 2353 Nam
722 2295 841 2354 tametsi
865 2294 938 2352 haec
961 2294 1113 2354 conversio
1134 2287 1298 2372 aliqnando
1321 2293 1494 2358 verificetur.

397 2412 453 2450 non
470 2391 535 2451 ideo
549 2403 649 2451 tamen
665 2391 837 2452 verificatur
851 2391 962 2449 rationo
971 2390 1095 2468 formae,
1109 2389 1159 2449 sed
1174 2393 1311 2450 neoterica
1325 2391 1494 2450 dumtaxat.

397 2491 517 2568 qnarrdo
539 2490 612 2548 haec
626 2497 669 2548 est
689 2489 864 2566 oontinpem,
880 2499 969 2566 atque
985 2488 1051 2547 ideo
1066 2507 1123 2546 non
1141 2487 1170 2546 in
1186 2488 1266 2546 omni
1283 2488 1408 2547 materia
1423 2489 1495 2546 veri-

396 2599 488 2648 tatem
504 2597 593 2647 tenet.
636 2587 685 2646 Sic
701 2607 728 2646 v.
743 2609 770 2664 g.
786 2606 823 2645 ex
838 2587 894 2645 hoc
909 2586 998 2664 quod,

556 2685 709 2761 “Quidam
724 2684 800 2763 lapis
815 2704 873 2744 non
888 2683 926 2743 sit
947 2683 1036 2743 homo
1046 2683 1073 2741 :”
1088 2683 1222 2760 sequitur
1235 2681 1315 2760 quod

557 2779 710 2856 “Quidam
733 2779 821 2839 homo
837 2799 895 2838 non
911 2779 949 2840 sit
965 2778 1057 2857 lapis''

396 2892 426 2939 at
452 2877 620 2957 hujusmodi
642 2875 835 2954 consequutio
848 2875 1033 2934 orcnlmdnlia
1053 2886 1113 2934 est:
1128 2895 1182 2933 nec
1196 2874 1269 2933 mihi
1292 2875 1371 2946 licet,
1387 2883 1492 2934 vaedola

395 2977 525 3042 lardario,
541 2975 582 3034 sic
597 2992 741 3051 arguere:

555 3069 740 3146 '‘Quoddam
751 3069 864 3128 animal
880 3088 939 3128 non
953 3079 997 3127 est
1012 3068 1101 3126 homo
1111 3067 1137 3126 :''
1152 3089 1220 3144 erpo

558 3164 710 3240 “Quidam
726 3163 816 3224 homo
830 3185 889 3224 non
904 3175 947 3224 est
961 3162 1073 3223 animal
1086 3163 1111 3234 ;’'
1153 3235 1160 3248 ·

395 3267 464 3342 quia
489 3261 720 3322 contrmlictoris
744 3261 949 3338 consequentis
970 3271 1014 3320 eat
1029 3281 1108 3330 vera,
1122 3271 1212 3338 atque
1236 3261 1302 3320 ideo
1316 3281 1493 3340 consequens

395 3361 512 3420 titlsnm.

435 3455 648 3530 Quamobrem,
665 3473 701 3512 ne
723 3454 885 3532 propositio
901 3456 1094 3532 partiendum
1116 3457 1250 3533 reepotiva
1272 3457 1354 3515 omni
1378 3475 1493 3535 prorsus

395 3555 585 3614 corn'ersione
596 3562 717 3625 careret,
728 3554 939 3632 excogitarunt
953 3573 1007 3632 pro
1021 3554 1085 3632 ipsa
1100 3553 1260 3614 Dialectici
1272 3557 1490 3616 conversionem

392 3675 446 3730 pcr·
467 3651 740 3728 contraposittoaem,
764 3671 825 3729 qua
848 3652 938 3711 etiam
971 3651 1146 3712 Universale'a
1167 3653 1337 3731 nffirrncdivn
1363 3655 1491 3714 converti

395 3771 477 3828 puae
491 3749 626 3819 docuere,
641 3759 675 3807 ut
688 3759 842 3826 sequentes
857 3749 995 3809 versiculi
1011 3749 1154 3810 indicant.

443 3899 444 3904 ,
515 3848 688 3924 o'irnplicitor·
694 3849 755 3925 soci
768 3851 969 3908 convertitur:
995 3849 1054 3908 ttvo
1066 3871 1122 3927 pet·
1136 3849 1236 3908 occid:

517 3945 585 4003 flato
595 3965 651 4022 per
665 3952 802 4022 cmttrop:
823 3945 864 4005 sic
879 3945 913 4005 fit
927 3925 1068 4005 erinneraio
1083 3956 1154 4006 tota.

435 4042 483 4101 De
497 4041 554 4100 hae
569 4039 718 4100 sufficiant
739 4061 816 4120 quae
831 4043 874 4102 ln.
892 4042 974 4118 182.)
989 4042 1129 4102 diximus.
1174 4043 1285 4104 Fateor
1300 4057 1399 4104 tannen
1416 4046 1490 4104 lmm·

395 4139 615 4201 conversionem
630 4159 688 4198 non
703 4147 766 4198 tam
777 4141 993 4210 conversionem,
1005 4155 1095 4218 quarn
1110 4143 1295 4200 rrenmtioncm
1306 4161 1386 4212 essm
1407 4143 1494 4220 siqni-

392 4241 460 4301 dem
472 4257 525 4318 per
534 4237 629 4315 ipsam
642 4255 700 4294 non
712 4233 799 4295 modo
811 4243 1048 4313 transponuntur
1059 4237 1188 4310 termini,
1198 4237 1249 4296 sed
1262 4247 1489 4304 mutantur,eum

392 4315 803 4414 ex'finuaemdantinfinitt
818 4332 860 4408 (n.
878 4331 968 4408 nn).
1013 4333 1134 4393 nactus
1148 4335 1299 4412 ergoqua
1323 4334 1434 4394 <nam
1450 4339 1491 4410 m
