3358 4952
525 490 573 551 De
593 490 697 550 Prima
711 489 820 554 Menios
838 490 1019 569 Operatione.
1263 489 1314 551 101

257 683 308 744 Ex
322 683 420 763 primo
434 683 532 764 capite
546 693 698 763 nequeunt
711 684 828 746 definiri
843 683 1015 746 defiuitione
1024 685 1145 762 proprie
1158 683 1240 745 dicta
1256 687 1316 760 (soz

215 781 381 858 manuali)
396 779 616 858 a)-—Notiones
629 781 889 842 transcendentem
903 781 1001 855 Eutis,
1015 781 1124 854 Unius,
1139 779 1223 853 Vari,
1239 779 1315 840 Boni

216 888 308 959 atque
321 879 369 940 bis
378 877 497 940 affines:
512 899 593 952 nam,
603 899 671 940 oum
686 879 747 940 sint
759 878 996 958 simplicissimae
1005 889 1036 938 et
1051 877 1317 945 communissimas,

216 977 249 1035 in
263 975 340 1035 alias
360 975 466 1036 resolvi
484 983 637 1054 nequeunt
652 975 694 1052 (n.
710 974 801 1052 Itu).
844 973 1062 1052 b)-Notioncs
1072 973 1320 1052 praedicamenta·

217 1071 276 1141 les,·
297 1071 408 1150 quippe
422 1091 499 1150 quae
518 1091 674 1150 supremae
687 1081 766 1132 sunt
808 1070 1032 1149 c)-Notioues,
1053 1091 1130 1150 quae
1150 1069 1315 1128 intaediato
1389 1121 1392 1128 ,

216 1169 402 1248 experientia
415 1169 478 1230 sive
492 1169 619 1241 interna,
632 1167 695 1228 sive
708 1177 843 1240 externa,
857 1167 1049 1247 colliguntur.

258 1265 334 1326 Dixi
362 1264 535 1326 definitione
556 1265 679 1343 proprie
703 1255 793 1326 diota.
835 1263 917 1324 Nam
942 1264 1088 1344 explicari
1113 1263 1187 1324 haec
1215 1263 1316 1341 utiquo

219 1371 387 1442 possuntne
401 1360 537 1434 describi,
548 1360 800 1440 quemadmodum
812 1380 903 1440 supra
917 1360 954 1420 de
968 1359 1216 1439 praedicamentis
1230 1378 1317 1437 agen·

218 1470 261 1520 tes
285 1460 462 1539 peregImus,
486 1467 517 1519 et
541 1458 572 1517 in
597 1456 807 1538 Metaphysica
830 1458 868 1518 de
892 1458 972 1518 Ente
996 1459 1117 1538 ejusque
1131 1456 1316 1536 passionibus

216 1556 314 1617 acturi
328 1555 479 1616 iaciemus.

257 1652 308 1712 Ex
323 1651 453 1712 secundo
466 1651 565 1731 capite
579 1650 697 1712 definiri
710 1662 878 1730 nequeunt:
902 1650 1167 1728 a')—lndividus:
1190 1669 1260 1710 nam
1275 1659 1318 1710 ta·

217 1749 310 1822 meisi,
327 1759 360 1810 ut
380 1747 555 1828 plurimum,
569 1767 780 1826 cognoscamus
794 1747 835 1820 id,
850 1769 903 1827 per
916 1747 996 1826 quod
1019 1747 1176 1810 individua
1190 1747 1229 1807 sd
1243 1745 1317 1807 invi-

216 1865 280 1904 cem
295 1844 487 1914 conveniunt,
502 1844 674 1922 ignoramus
689 1853 789 1904 tamen
804 1863 905 1904 eorum
922 1843 1124 1904 individuales
1138 1842 1317 1904 ditlbrsntles

213 1962 261 2000 sc:
283 1939 314 1999 id
329 1960 382 2018 per
396 1939 476 2018 quod
491 1938 726 2017 unumquodque
740 1938 931 2000 individuum
947 1940 978 1998 iu
992 1960 1046 1999 suo
1060 1956 1121 2000 esse
1135 1939 1317 1998 mintiua'tnr

213 2043 244 2096 et
257 2036 297 2097 ab
311 2035 379 2096 aliis
393 2035 557 2096 individuis
569 2056 623 2113 per
635 2055 665 2095 se
675 2034 780 2113 differt.
822 2035 864 2110 bi)
871 2035 985 2096 —Illae
998 2055 1100 2096 omues
1113 2035 1232 2114 specics,
1246 2053 1316 2115 qua·

217 2154 284 2194 rum
300 2133 469 2196 essentiales
483 2134 656 2212 ignoramus
670 2132 862 2194 differentias.

261 2232 311 2292 Ex
326 2232 413 2293 dietis
427 2231 555 2310 colliges.

255 2329 584 2390 Primo-Substantia
597 2328 661 2391 sola
675 2349 827 2408 corporea,
841 2339 871 2389 et
884 2328 1003 2407 species,
1017 2347 1094 2407 quae
1108 2326 1164 2386 sub
1178 2327 1244 2406 ipsa
1258 2325 1315 2386 col·

213 2426 360 2501 locantur,
388 2425 505 2488 definiri
541 2435 664 2506 possunt
690 2447 727 2487 ex
757 2426 903 2506 principio
930 2427 1077 2486 materiali
1103 2435 1134 2486 st
1168 2424 1314 2504 principio

207 2525 349 2600 sonnati:
370 2524 430 2584 hae
444 2542 573 2604 namque
586 2524 667 2585 solae
679 2531 799 2604 ntropse
811 2523 862 2584 boc
872 2525 1021 2602 prirrcspio
1032 2523 1209 2584 coalescunt

253 2620 472 2682 Secunda-Si
494 2621 767 2700 praedicamentum
790 2619 981 2682 Substantias
1001 2641 1069 2681 eum
1085 2619 1153 2680 aliis
1173 2621 1314 2692 conserua,

214 2719 362 2798 intelliges
384 2720 516 2798 profecto
539 2717 822 2780 substantias'solas
844 2718 1010 2796 stmptntsr
1031 2717 1148 2778 definiri
1173 2717 1316 2778 essentiali

213 2815 401 2888 delinitione3
423 2815 589 2877 accidentia
612 2835 682 2878 vero
704 2815 814 2888 omnis,
828 2815 970 2894 quonism
992 2816 1177 2878 essentialiter
1198 2818 1315 2893 stipam

211 2933 273 2974 esse
286 2913 318 2975 in
338 2913 515 2986 substantia,
529 2913 748 2992 quadamtenus
761 2933 815 2992 per
834 2911 1042 2984 substantiam,
1057 2922 1191 2991 quaeest
1212 2931 1313 2972 eorum

213 3009 379 3088 subjectum,
393 3009 563 3070 definienda
576 3030 653 3084 esse,
667 3009 756 3070 aliter
769 3021 870 3070 amen
882 3013 954 3070 burn
969 3009 1177 3088 significantur
1191 3009 1315 3070 nomini·

215 3105 273 3166 bus
287 3105 437 3166 charaeta
451 3107 626 3186 (quaesunt
641 3108 771 3186 ipsorum
788 3108 940 3187 propria),
951 3107 1040 3188 aliter
1054 3129 1206 3170 varocum
1228 3109 1317 3188 signi-

215 3202 346 3263 ficantur
367 3205 538 3266 nominibus
552 3207 694 3265 anneot.
737 3204 774 3266 ln
788 3205 886 3284 primo
900 3225 981 3278 casu,
995 3205 1164 3268 substantia
1179 3206 1316 3284 ponenda

214 3313 258 3360 est
274 3303 303 3358 iu
319 3301 440 3380 obliquo,
456 3314 489 3360 ut
506 3323 531 3360 v.
547 3322 574 3380 g.
590 3322 658 3360 cum
673 3301 852 3361 describitur
868 3309 974 3362 erictus:
997 3303 1171 3362 “tramlatio
1186 3303 1314 3382 corpori-

212 3419 251 3458 ex
268 3419 326 3457 uno
342 3397 406 3458 loco
420 3399 450 3456 iu
466 3397 560 3458 alium
571 3398 596 3458 :”
619 3398 649 3456 iu
664 3398 793 3458 secundo
808 3419 877 3460 casu
894 3399 1031 3476 ponente
1045 3411 1088 3462 ast
1101 3399 1269 3460 substantia
1285 3403 1313 3460 in

211 3501 295 3566 recto,
317 3504 351 3555 ut
366 3515 393 3556 v.
408 3517 435 3574 g.
452 3516 518 3555 oum
545 3495 723 3556 describitur
746 3517 792 3556 res
814 3503 909 3556 mota:
930 3501 1051 3574 “rospus
1076 3495 1253 3558 translatum
1278 3497 1313 3558 dc

211 3592 278 3653 loco
292 3593 323 3651 in
345 3591 472 3653 locum.''

256 3686 476 3748 Tertia-Nou
498 3687 586 3748 modo
608 3699 708 3748 sutem
723 3688 824 3749 omnis
846 3689 1014 3749 accidentia
1027 3691 1089 3750 sive
1107 3691 1314 3770 pronimesive

215 3791 319 3845 ranots
334 3804 386 3863 per
398 3784 596 3845 substantiam
611 3795 681 3844 suut
694 3783 872 3858 definienda,
885 3785 935 3844 sed
951 3786 1041 3846 etiam
1056 3786 1134 3846 inter
1148 3787 1313 3848 accidentia

214 3882 405 3961 reperiuntur
431 3882 536 3954 multa,
561 3901 638 3961 quse
660 3881 727 3942 aliis
755 3875 908 3960 praeterea
935 3881 1071 3960 indigent
1093 3882 1315 3946 additamentis.

214 3977 397 4057 Hujusmodi
417 3978 584 4040 accidentia
597 3989 667 4040 sunt
687 3979 818 4040 Habitus
831 3982 978 4058 spastici,
993 3981 1143 4041 Potentiae
1156 3983 1314 4056 naturales,

213 4073 320 4134 Relata
334 4074 443 4134 omnia.
486 4073 564 4134 Nam
590 4073 818 4148 a'')—Habitus
840 4085 870 4136 et
894 4075 1051 4138 Potentiae
1075 4097 1128 4156 per
1148 4099 1217 4138 suos
1239 4087 1316 4140 octus

212 4171 383 4243 intaediate,
397 4170 521 4231 taediata
536 4191 606 4232 vero
620 4171 791 4250 perabjecto
805 4171 935 4252 adquae
950 4183 1034 4234 actus
1048 4173 1182 4234 ordinem
1197 4175 1313 4251 dicunt,

210 4266 413 4327 definiuntur:
428 4266 470 4326 sio
484 4266 626 4327 definitur
640 4266 852 4347 Philosophia:
874 4267 1033 4342 “Scientia,
1048 4289 1125 4350 quac
1138 4271 1219 4334 circa
1232 4291 1316 4334 oaus-

213 4385 260 4426 sss
274 4385 373 4424 rerum
389 4363 512 4426 ultimas
525 4365 698 4438 versatur;”
719 4363 911 4427 intellectus:
934 4365 1097 4428 “Facultns
1111 4371 1315 4448 cognoscitivs
