3138 4956
821 415 940 492 mosa.

326 605 569 686 distinguendum
594 629 764 689 comequono
771 631 783 680 ‚·
806 619 836 669 et
849 608 1030 670 concedenda
1043 609 1101 668 erit
1113 606 1313 687 commacina
1325 627 1424 668 secun

326 703 397 762 dum
427 723 494 764 euin
522 724 638 764 sensum
667 705 873 777 conclusionis,
901 705 953 783 qui
980 703 1162 774 conceditur,
1189 702 1328 781 necanda
1356 721 1425 762 vesu

326 800 488 860 secundum
503 820 571 860 eum
586 820 713 874 sensum,
727 801 777 878 qui
795 811 929 880 negatur.
971 799 1018 860 Sit
1031 799 1213 879 exemplum.

446 927 544 1001 Actus,
559 949 644 1008 quam
666 927 803 992 Voluntao
815 927 958 1006 impedire
971 929 1077 1008 usquo,
1092 940 1136 987 est
1150 927 1348 987 necsmarim:

447 1088 541 1167 Atqui
557 1107 690 1148 assensus
704 1089 856 1168 legitimae
876 1087 1058 1149 conclusioni
1072 1099 1116 1148 est
1130 1095 1218 1161 actim
1233 1108 1315 1168 mmm
1329 1087 1425 1148 miun-

526 1175 569 1228 tao
582 1169 722 1247 impedire
731 1176 840 1246 poco:

376 1275 380 1284 ·
422 1247 530 1326 [Ergo
543 1269 675 1310 assensus
690 1249 841 1328 legitimus
855 1249 1038 1310 conclusioni
1054 1271 1112 1310 non
1127 1259 1173 1312 ost
1186 1251 1370 1310 uecmsarisu.

366 1375 571 1456 Respondebit
591 1377 768 1438 Defendens.
816 1378 944 1440 macedo
965 1379 1317 1458 majorum—Dounqoo
1336 1383 1425 1438 mino

324 1493 385 1532 rma
386 1520 506 1536 ......
522 1474 674 1552 “Quando
689 1475 799 1536 veritus
813 1497 872 1536 non
887 1488 931 1537 est
944 1477 1093 1537 evidens.''
1108 1523 1229 1540 ......
1250 1475 1332 1538 (Μ,
1347 1475 1423 1535 Mu

325 1567 433 1631 “Sccus
493 1617 500 1630 .
516 1616 522 1631 .
538 1617 544 1630 .
560 1591 632 1650 nepo
652 1571 807 1632 mim-Et
827 1572 991 1651 distinguet
1005 1573 1107 1634 eodem
1131 1573 1219 1636 modo
1238 1571 1424 1652 Comequens

364 1665 533 1726 Secundum
549 1667 847 1728 css-Soodmtnoio
858 1668 947 1729 modo
961 1669 1044 1730 cadit
1058 1669 1088 1729 in
1102 1668 1189 1730 illum
1211 1669 1384 1740 torminum,
1395 1669 1424 1726 in

326 1783 412 1842 quom
435 1765 517 1825 cadit
538 1765 703 1825 di'otinctio:
724 1765 813 1826 modo
833 1765 864 1826 in
886 1765 989 1826 ulium.
1032 1765 1102 1828 Hoc
1123 1777 1305 1846 postremum
1319 1765 1343 1826 si
1359 1785 1425 1826 con-

321 1863 433 1940 tingat,
445 1862 590 1922 distinctio
605 1861 703 1941 primo
714 1863 771 1923 erit
781 1863 972 1942 applicando,
985 1863 1036 1924 ubi
1051 1863 1130 1924 redit
1143 1865 1258 1942 primus
1272 1863 1426 1933 terminus,

325 1957 455 2018 secunda
470 1957 521 2018 ubi
538 1959 623 2020 alter.
665 1959 817 2038 Exemplo
831 1960 965 2020 invenies
979 1961 1087 2039 passim
1102 1961 1134 2020 in
1149 1959 1292 2022 Auctore.

364 2053 498 2114 Tertium
521 2055 805 2134 est—Quandoque
826 2056 996 2135 negandum
1013 2057 1143 2118 occurrit
1156 2057 1187 2118 in
1202 2056 1306 2136 aliqua
1321 2077 1425 2134 propo

289 2207 295 2219 ,
324 2152 430 2212 sitione
450 2151 654 2230 Suppositum:
676 2154 694 2214 i.
710 2173 733 2214 s.
749 2153 873 2232 aliquid,
888 2153 967 2232 quod
989 2153 1152 2232 operisve]
1168 2152 1284 2214 occulte
1305 2151 1426 2212 amomi-

324 2257 375 2306 tur
388 2247 427 2308 ob
448 2247 793 2327 adversario,tomquam
815 2247 956 2328 Subjecto
976 2249 1162 2310 conveniens.
1205 2247 1265 2307 Ex.
1286 2269 1315 2326 g.
1329 2246 1353 2306 si
1375 2247 1426 2306 od-

323 2345 471 2406 versorius
492 2345 592 2406 dicct:
615 2346 724 2418 “Deo-s,
738 2365 802 2406 cum
825 2367 882 2406 osso
903 2347 1072 2424 coopitsuil
1093 2345 1263 2425 infinituo:”
1284 2343 1425 2422 supponit

323 2453 426 2520 operte
447 2441 546 2502 Deum
568 2441 733 2521 aliquando
747 2443 882 2520 coepisco
924 2441 955 2504 si
978 2441 1045 2521 quis
1068 2461 1140 2502 vero
1163 2441 1261 2502 dicat:
1284 2439 1426 2500 “circulus

324 2539 483 2616 pusdrotuo
497 2545 535 2598 cst
548 2539 756 2600 miraculorum
768 2541 926 2600 maoimom
937 2539 965 2598 .·”
986 2539 1126 2618 supponit
1142 2538 1259 2600 occulte
1278 2537 1425 2599 Cironium

323 2634 499 2712 quadratam
513 2653 573 2694 esse
582 2634 797 2712 possibilem-

365 2732 448 2798 376.Ι
482 2731 591 2792 Mucia
624 2731 957 2810 (moyseum-Qui
994 2732 1101 2794 thesim
1137 2733 1306 2810 impugnat,
1333 2730 1426 2810 probe

323 2829 403 2908 opud
417 2849 448 2890 se
462 2828 660 2890 determinato
674 2823 854 2908 quaestionis
874 2838 964 2902 statu,
978 2839 1188 2908 argumentum
1203 2828 1246 2888 its
1268 2816 1425 2907 proponat,

323 2937 356 2985 ut
371 2925 521 2986 conclusio
535 2925 597 3004 ejus
610 2925 650 2985 sit
664 2925 832 3004 propositae
843 2925 957 2984 theseos
968 2925 1209 2984 contradictorio:
1224 2924 1345 3004 quundo
1355 2943 1425 2984 vem

323 3022 353 3082 id
369 3023 500 3102 postulet
512 3023 632 3096 veritos,
654 3022 730 3083 thesi
755 3023 932 3082 contrariam
945 3041 1094 3101 opponere
1115 3021 1232 3100 poterit
1276 3019 1426 3080 Attendct

324 3131 388 3198 post
402 3120 476 3180 hoec
490 3119 528 3180 sd
552 3119 749 3181 Defendcntis
764 3119 1000 3198 responsionem:
1022 3119 1046 3180 si
1060 3119 1290 3198 omonimum
1305 3117 1357 3177 ille
1370 3133 1423 3178 aut

322 3215 455 3294 aliquam
481 3215 712 3295 propositionem
735 3216 899 3294 negaverit,
914 3236 948 3276 eo
970 3217 1027 3276 erit
1050 3215 1222 3295 probanda:
1243 3215 1269 3274 si
1284 3235 1355 3276 vero
1370 3215 1425 3274 die

323 3313 486 3372 tinctionem
500 3312 682 3386 adhibuerit,
691 3312 920 3374 instaurandum
935 3312 993 3374 erit
1006 3323 1229 3393 argumentum,
1239 3313 1319 3392 quod
1335 3313 1424 3374 faciet

322 3410 367 3470 vel
397 3409 675 3488 c)-impupuando
695 3410 789 3489 ipsam
819 3410 1049 3472 distinctionem:
1074 3409 1122 3470 vel
1144 3409 1424 3488 bl-impupaaado

322 3505 521 3568 distinctionis
541 3508 782 3584 applicationem:
804 3505 852 3568 vel
866 3505 987 3566 demum
1001 3505 1231 3582 c)-Proboodo
1250 3504 1426 3584 Ocmeqim

325 3605 404 3664 tiam.

320 3701 587 3779 o)-Impupnal›it
606 3699 815 3760 distinotionoa
829 3700 885 3762 hoc
900 3699 1005 3761 modo:

483 3815 595 3896 “Atqui
606 3819 664 3876 oioc
678 3819 780 3876 veritos
796 3817 1023 3893 proconisum-um
1036 3815 1073 3874 cit
1087 3814 1179 3873 dubia
1192 3815 1250 3872 aiio
1264 3813 1422 3890 manifesto.

482 3917 592 3974 sempor
618 3917 748 3956 assensus
771 3897 915 3975 opiliones
936 3892 1271 3971 commemoramini·
1289 3897 1380 3970 potest
1403 3913 1422 3952 a

482 3977 633 4040 uoluntate.
676 3977 757 4055 Erpa
770 3977 854 4038 uuila
872 3974 1041 4036 ostiumst

325 4089 593 4168 b)-Impupnabit
606 4089 828 4167 applicationem
841 4087 1040 4170 distinctionis
1054 4087 1111 4148 hoc
1126 4085 1231 4148 modo:

483 4201 594 4282 “Atqui
615 4221 754 4274 mensim,
778 4203 888 4262 tametsi
914 4201 951 4260 sit
978 4199 1101 4273 avidos,
1124 4197 1264 4276 impediri
1285 4205 1377 4276 potest
1402 4219 1420 4254 a

454 4201 633 4363 loctuntuto.
675 4281 757 4361 Erpc
770 4287 825 4342 stat
839 4280 999 4360 difficultas.
