3118 4956
847 426 967 504 Lepino.

855 715 894 777 N.
919 715 944 776 1.

745 911 877 971 Famae
893 911 1065 972 Amidattir.

388 1106 453 1168 267.
470 1139 471 1144 κ
496 1105 626 1167 Nomine
640 1105 794 1166 aoeideattis
814 1107 864 1166 hic
879 1107 962 1168 venit
975 1107 1116 1186 quioquid
1133 1107 1329 1186 distinguitur
1343 1117 1447 1167 eontra

341 1225 398 1284 per
413 1225 449 1264 se.
491 1203 575 1264 Illud
595 1213 697 1265 autem
717 1203 828 1265 dicitur
852 1204 946 1264 inesse
969 1204 1061 1265 alieni
1083 1225 1137 1283 par
1159 1225 1196 1277 ne,
1211 1205 1290 1283 quod
1313 1203 1359 1264 illi
1375 1205 1447 1264 inest

346 1299 508 1360 seeundum
537 1309 678 1361 naturam
705 1301 844 1380 propriae
871 1301 1068 1373 delinitionis;
1086 1309 1206 1380 praeter
1228 1302 1279 1362 lma
1303 1303 1446 1380 quioquid

346 1396 422 1456 inest
436 1395 536 1469 alicui,
550 1395 662 1457 dieitur
675 1396 768 1457 inesse
775 1417 833 1476 per
843 1397 981 1458 amidam.
1017 1397 1084 1476 Age
1094 1398 1159 1477 jem
1171 1399 1322 1476 tripliciter
1332 1397 1446 1477 aliquid

313 1544 318 1556 ,
346 1502 442 1572 potest
454 1512 485 1552 se
498 1491 608 1553 habere
622 1493 661 1553 ad
676 1494 741 1566 hoo,
755 1493 836 1573 quo'd
850 1503 894 1554 est
907 1497 998 1554 inesse
1014 1515 1070 1572 per
1082 1515 1120 1566 so,
1134 1504 1188 1555 sut
1199 1515 1253 1573 per
1267 1495 1446 1556 aethicus.-

347 1589 504 1667 Quaedsm
530 1590 609 1651 euim
634 1600 712 1665 sunt,
737 1611 814 1670 quse
838 1593 918 1651 omni
945 1591 1028 1651 modo
1052 1601 1122 1652 sunt
1149 1590 1252 1651 mem
1280 1589 1448 1651 seeundum'

346 1688 521 1748 absaniae
535 1690 684 1761 ratiotwm,
700 1698 733 1748 ut
747 1709 776 1748 v.
790 1710 818 1767 g.
834 1688 923 1750 vestis
945 1698 975 1749 et
997 1688 1204 1756 indumentum
1213 1709 1225 1757 ,·
1245 1699 1275 1747 et
1288 1687 1320 1747 in
1343 1687 1389 1747 his
1406 1699 1448 1746 est

345 1785 531 1846 solummodo
548 1805 651 1863 perae,
666 1793 696 1846 ot
710 1783 796 1845 nullo
819 1785 907 1846 modo
924 1806 981 1864 per
1003 1785 1342 1861 anuas-Quaedam
1367 1795 1445 1854 sont,

346 1900 473 1960 quorum
489 1901 581 1940 unum
596 1880 634 1941 ad
649 1881 772 1942 alterius
787 1883 932 1943 mtionem
944 1877 1138 1963 aliquomodo
1153 1882 1290 1960 pertinet,
1303 1881 1372 1942 lieet
1387 1903 1445 1942 noo

345 1979 405 2038 siut
419 1980 535 2038 mansino
548 1977 647 2038 eadem
660 1979 822 2039 seeundum
838 1979 1050 2060 definitionem:
1072 1980 1153 2040 etsie
1166 1999 1197 2040 se
1211 1979 1323 2039 habent
1336 1983 1447 2057 superi-

346 2095 381 2134 as
393 2085 424 2136 et
443 2075 568 2152 insultu
582 2077 689 2154 (genus
702 2087 732 2136 et
745 2077 869 2156 speeies)
883 2079 989 2156 macies
1002 2086 1031 2137 et
1047 2078 1226 2155 propriam:
1246 2087 1276 2137 et
1290 2075 1321 2136 in
1343 2076 1389 2136 his
1404 2088 1444 2136 eu
1533 2075 1534 2084 ³

346 2173 566 2252 quodammodo
583 2193 687 2251 perse,
701 2195 761 2253 qun
785 2184 870 2254 purte
894 2174 1085 2245 conveniunt,
1099 2183 1128 2233 ot
1152 2173 1373 2252 quodammodo
1391 2193 1446 2250 per

346 2269 485 2341 amidam,
506 2289 566 2347 qun
591 2279 675 2348 parte
699 2271 967 2332 differunt—Sunt
990 2271 1110 2332 demum
1136 2269 1294 2350 quaedam,
1318 2289 1443 2349 quorum

347 2385 440 2425 unum
462 2376 506 2427 est
528 2367 644 2428 annino
667 2375 832 2428 extraneam
855 2390 873 2428 a
896 2369 1010 2428 ratione
1033 2367 1164 2438 alterius,
1185 2377 1219 2427 ut
1243 2388 1269 2428 v.
1291 2389 1319 2445 g.
1340 2366 1443 2426 album

348 2471 478 2539 respectu
505 2462 650 2536 hominis;
672 2474 701 2524 et
722 2465 752 2524 in
775 2465 820 2525 his
834 2475 877 2526 oet
899 2465 1085 2526 solummodo
1104 2486 1161 2544 per
1175 2464 1306 2542 meldens
1319 2475 1348 2524 et
1363 2463 1446 2524 nullo

347 2556 435 2616 modo
451 2578 508 2636 per
520 2579 556 2618 se.
599 2559 637 2619 In
651 2560 698 2620 his
721 2561 831 2639 itaque,
845 2580 922 2640 quse
937 2562 1034 2640 primo
1049 2561 1136 2622 modo
1149 2582 1180 2622 se
1195 2560 1316 2633 habent,
1331 2581 1445 2620 neeesse

347 2663 398 2725 ost,
414 2661 447 2714 ut
467 2653 610 2734 quioquid
630 2675 735 2716 verum
749 2657 788 2717 sit
801 2657 838 2717 de
852 2677 912 2718 uno
926 2666 956 2718 et
969 2659 1006 2718 de
1019 2659 1115 2718 altero
1129 2657 1306 2730 verificetur,
1322 2657 1402 2717 unde
1415 2658 1445 2716 in

348 2751 392 2810 his
399 2750 524 2828 fallam
537 2751 691 2812 amideatt's
704 2753 876 2832 contingere
890 2754 1008 2832 nequit;
1030 2753 1080 2813 sed
1096 2753 1126 2812 in
1142 2753 1279 2814 omnihus
1293 2752 1370 2824 aliis,
1385 2773 1443 2814 uoo

349 2857 393 2905 est
407 2847 614 2920 necessarium,
627 2857 662 2908 ut
683 2847 769 2921 illud,
785 2849 864 2928 quod
888 2849 1061 2911 verificatur
1083 2849 1121 2910 de
1143 2870 1211 2922 uno,
1226 2849 1396 2912 verificetur
1409 2851 1446 2910 de

316 2965 320 2974 ⁴
348 2942 425 3014 slio;
447 2951 477 3002 et
490 2942 556 3003 ideo
570 2945 594 3002 si
609 2963 647 3004 ex
669 2943 734 3018 hoo,
748 2946 828 3024 quod
843 2945 959 3025 aliquid
973 2947 1012 3008 sit
1025 2967 1131 3007 verum
1146 2947 1183 3008 de
1204 2967 1273 3020 uno,
1287 2947 1448 3008 concluda-

347 3050 397 3100 tur
411 3040 487 3100 illud
502 3061 570 3113 esse,
585 3051 639 3101 aut
652 3040 759 3103 dehere
772 3061 833 3104 esso
847 3063 951 3106 verum
966 3045 1004 3106 de
1018 3043 1121 3118 altero,
1131 3055 1176 3106 ost
1182 3043 1306 3124 sauna
1317 3045 1445 3104 aecider-

347 3139 432 3196 tia-
756 3195 758 3198 .

388 3231 444 3294 Fa
458 3233 552 3312 igitur
565 3235 688 3310 *fallatur
703 3237 858 3298 acidam
866 3261 875 3309 ,·
897 3240 1050 3318 “deceptio
1066 3238 1241 3317 proveniens
1255 3257 1294 3296 ex
1307 3257 1351 3308 eo,
1366 3238 1446 3316 quod

348 3328 463 3408 aliquid
483 3329 668 3409 significatur
693 3331 790 3393 simile
811 3335 929 3414 utrique
953 3353 1156 3413 eorumquae
1179 3345 1248 3393 sunt
1272 3331 1447 3411 aliqualiter

343 3447 399 3504 per
426 3426 557 3487 aradam
584 3427 706 3489 unum.”
754 3430 849 3492 Causa
876 3434 1065 3512 apparentiae
1092 3431 1123 3490 io
1153 3431 1209 3490 heo
1237 3429 1359 3489 fallacia
1386 3443 1447 3490 est:

349 3523 466 3584 “unitos
479 3523 627 3604 quaedam
640 3536 670 3587 et
683 3526 824 3590 identitas
832 3549 945 3604 eorum,
956 3549 1032 3610 queo
1040 3551 1097 3608 per
1111 3527 1241 3589 naaman
1255 3529 1446 3607 quodammo

348 3619 387 3680 do
408 3621 631 3700 conjunguntur
644 3622 669 3695 ;''
690 3643 777 3684 sarua
800 3645 870 3686 vero
897 3647 955 3686 aaa
978 3625 1140 3686 auratae
1165 3635 1225 3685 est:
1256 3623 1446 3685 “eorumdem

348 3717 504 3777 diversitas
514 3717 539 3776 :”
561 3719 605 3779 sit
618 3739 748 3800 namque
762 3715 961 3801 Philosophus
976 3723 1001 3782 1.
1016 3721 1129 3782 elench.
1144 3719 1296 3782 fallaciam
1311 3721 1446 3782 acciden-

347 3813 385 3874 tis
406 3833 444 3873 sx
465 3832 500 3874 eo
520 3815 701 3895 eontingere,
715 3818 795 3896 quod
820 3818 926 3898 aliquis
951 3837 1008 3878 non
1036 3816 1136 3877 valeat
1156 3817 1294 3896 judicare
1318 3817 1395 3878 iden
1419 3827 1447 3878 et
1533 3887 1534 3890 Ἴ

350 3910 501 3984 ainornm,
515 3933 609 3972 anam
622 3923 652 3974 st
664 3915 763 3975 malta.

389 4007 490 4088 Hujus
518 4008 657 4070 fallaciae
685 4018 740 4071 tres
761 4024 974 4074 enumerantur
997 4013 1108 4090 speeies.
1151 4011 1256 4072 Prima
1284 4014 1447 4074 incurritur

348 4123 417 4165 oum
438 4105 474 4165 ab
502 4106 647 4167 aaaidmte
668 4105 702 4167 fit
726 4109 868 4170 transitus
888 4108 928 4168 ad
951 4107 1113 4188 alpadum,
1128 4108 1176 4170 vel
1191 4129 1207 4169 e
1222 4129 1386 4170 converso:
1407 4110 1447 4170 sio
1533 4105 1534 4172 l

349 4213 472 4282 paoem
485 4203 537 4281 qui
551 4202 672 4276 damna,
682 4223 720 4264 ex
735 4223 833 4264 rerum
845 4203 939 4265 abusu
951 4203 1165 4284 provenientia,
1177 4205 1248 4285 ipsis
1260 4205 1347 4266 rebus
1357 4206 1448 4266 trihu·
1533 4183 1534 4256 l

348 4297 590 4360 unt-Secunda
614 4299 712 4360 locum
738 4299 836 4372 habet,
860 4320 953 4380 quum
977 4301 1017 4372 id,
1040 4301 1119 4380 quod
1143 4301 1283 4362 convenit
1307 4301 1451 4380 arpenta
