3358 4952
498 428 545 488 De
565 391 699 488 Secundo
722 428 830 488 Meretur
857 429 1037 506 Operatione.
1263 427 1313 484 lll

213 618 360 699 objectum
383 622 542 699 exprimat,
556 623 607 682 sed
622 623 660 682 ad
675 623 737 682 elin
753 623 871 702 insuper
885 623 1000 702 objeum
1015 645 1045 682 se
1060 623 1226 702 protendit:
1249 643 1317 700 qoo-

213 721 292 778 oirou
307 720 385 779 duae
409 720 542 780 notiones
566 741 626 780 esee
650 733 772 800 possunt
796 721 927 799 objectine
952 721 1098 780 identicee
1123 741 1156 780 ex
1176 727 1270 798 porte,
1285 739 1317 778 er·

209 825 294 895 porte
310 837 379 878 vero
389 817 519 896 objectiva
530 817 680 878 divemae:
699 828 732 878 ut
743 839 770 878 v.
785 841 813 897 g.
829 819 910 878 notio
924 819 1107 878 Sobetnntioe
1118 829 1147 878 et
1161 817 1316 876 animatu:

213 932 304 973 omne
317 914 396 972 euim
412 913 525 974 animal
540 929 583 974 eet
597 914 765 975 substantio
780 936 786 986 ;
806 925 841 974 at
852 915 965 975 duntur
979 915 1136 974 innumero
1152 913 1213 974 alia
1228 913 1316 978 entia,

214 1032 291 1091 quae
312 1012 504 1072 &ubstantiae
518 1023 597 1083 sunt,
613 1033 670 1071 uon
687 1023 786 1072 tamnu
802 1013 954 1072 animalia.

255 1111 321 1170 136.
364 1109 532 1170 Secundum
555 1109 685 1169 eet-In
709 1111 916 1189 propositione,
933 1115 1023 1189 (quoe
1038 1125 1081 1170 eet
1102 1112 1218 1189 siguum
1238 1111 1317 1190 jodi-

213 1207 268 1284 eii)
287 1207 489 1286 praedicatum
506 1217 535 1267 et
549 1206 715 1286 subjeetum
736 1227 828 1266 onom
844 1199 1111 1285 eumdemquerem
1128 1209 1317 1286 exprimunt:

214 1317 246 1365 et
266 1305 433 1384 subjeetum
455 1304 598 1384 exprimit
619 1325 691 1376 rem,
707 1314 796 1383 prout
816 1317 857 1364 eet
874 1327 892 1364 a
907 1316 991 1382 parte
1012 1305 1066 1376 eui,
1083 1305 1101 1363 i.
1116 1325 1139 1363 e.
1155 1303 1315 1362 oeurndum

215 1402 415 1479 significatum
431 1401 598 1470 materiale;
619 1400 824 1479 praedicatum
841 1421 911 1460 vero
925 1399 1068 1478 exprimit
1084 1421 1153 1472 rem,
1169 1410 1258 1478 prout
1272 1399 1318 1456 to·

214 1510 245 1558 et
267 1519 345 1557 nitrio
367 1498 535 1577 coneipitur
549 1517 567 1556 a
582 1507 681 1557 mente
704 1498 721 1557 i.
737 1519 760 1557 e.
776 1497 937 1556 secundum
961 1496 1160 1574 significatum
1183 1496 1315 1574 formate.

216 1593 294 1653 Aliis
310 1594 418 1664 verbis,
432 1593 598 1673 subjeetum
620 1595 743 1674 ponitur
761 1615 818 1672 pro
832 1615 874 1666 re,
888 1597 936 1654 oni
959 1597 1029 1653 ineat
1049 1594 1145 1653 formu
1168 1613 1221 1672 per
1236 1613 1318 1672 prae-

215 1691 349 1752 dicatum
371 1711 528 1769 expressa3
549 1690 760 1751 Praedieatum
777 1711 847 1750 vero
862 1692 984 1769 ponitur
1003 1711 1057 1768 pro
1072 1677 1111 1763 re,
1130 1691 1316 1768 pronitatem

217 1789 375 1868 praesefert
396 1789 521 1846 tonnam
539 1790 603 1855 (uix
620 1790 666 1847 10.
683 1789 744 1862 20.)
787 1787 831 1847 Cf.
847 1788 875 1847 S.
893 1787 1038 1846 'l'homnm
1055 1809 1082 1866 p.
1101 1790 1125 1846 1.
1141 1809 1168 1866 q.
1187 1788 1231 1845 16.
1247 1807 1273 1845 a.
1290 1787 1316 1844 2.

257 1887 322 1947 137.
366 1885 516 1945 Probatur
540 1868 765 1944 Assertio-Et
788 1883 890 1944 I.-.Iu
917 1885 997 1943 ‹nnrri
1018 1885 1132 1964 judicio
1157 1885 1319 1963 affirmatur

214 1986 314 2063 eliqua
343 1983 478 2043 identitas
508 1983 567 2058 (nez
603 1980 825 2056 convenientia)
854 1981 900 2040 vel
930 1981 1099 2050 divertitur:
1134 2001 1202 2039 uem
1231 1999 1318 2041 omn(¹

211 2079 360 2160 judicium
376 2079 414 2138 nd
439 2078 517 2138 huno
532 2077 692 2137 formulam
710 2077 810 2137 reduci
833 2077 944 2155 poteet':
966 2079 989 2136 oi
1005 2077 1225 2155 affirmationem:
1247 2076 1319 2135 Soet

217 2177 248 2237 P.
270 2178 294 2236 ei
318 2176 507 2254 negativum:
529 2173 550 2234 S
573 2195 632 2233 nou
654 2182 693 2233 eet
715 2173 757 2246 P;
773 2173 820 2234 vel
836 2175 925 2234 etiem
940 2173 961 2234 S
976 2181 1015 2233 eet
1037 2173 1151 2252 aliquid
1168 2173 1317 2232 divemum

215 2274 282 2335 uP.
325 2272 496 2333 11.-Haee
510 2281 609 2331 autem
625 2269 765 2332 identitas
779 2282 832 2330 aut
846 2271 1002 2330 diversitas
1016 2281 1060 2331 est
1073 2271 1207 2349 objectiva
1215 2292 1226 2340 ;
1248 2290 1316 2328 uem

215 2393 298 2432 secus
319 2383 406 2432 omne
429 2369 576 2449 judicium
601 2368 814 2432 affirmativum
839 2369 978 2428 evaderet
1002 2368 1121 2440 falsum,
1136 2367 1215 2446 quod
1241 2377 1318 2426 certe

216 2470 337 2530 admitti
362 2469 472 2547 nequit.
515 2465 595 2526 Nem
621 2465 645 2525 si
668 2465 808 2526 identitas
832 2464 880 2526 vel
906 2465 1062 2525 diversitas
1086 2463 1236 2524 affirmata
1259 2483 1316 2522 uon

214 2579 288 2628 esset
309 2568 453 2644 objectiva,
468 2564 588 2624 deberet
609 2563 771 2623 neceeeario
792 2583 852 2622 eeee
875 2561 927 2621 ille
941 2561 1104 2639 alin-qoem
1125 2573 1256 2639 superent
1270 2581 1316 2620 se:

217 2663 357 2724 identitas
371 2661 418 2721 vel
440 2661 597 2721 diversitas
617 2661 782 2732 intrinseco,
797 2671 826 2718 et
846 2670 919 2718 tunc
935 2659 990 2718 hoo
1010 2657 1158 2738 judicium
1176 2679 1202 2718 v.
1217 2680 1245 2736 g.
1261 2679 1319 2736 quo

213 2783 268 2841 ego
282 2761 398 2821 affirmo
412 2756 631 2820 animalitatem
646 2755 682 2815 de
697 2755 826 2828 homine,
841 2755 964 2835 ejend0:
981 2755 1102 2814 “Homo
1116 2765 1160 2814 est
1174 2753 1316 2826 animel‚’'

215 2857 420 2938 aequivaleret
434 2855 522 2916 huie:
1167 2847 1171 2855 “

411 2953 498 3013 Notio
513 2951 638 3012 hominio
651 2951 730 3010 idem
745 2962 788 3010 eet
803 2971 837 3011 ac
852 2950 940 3010 Notio
956 2949 1124 3010 Animalia:

218 3052 298 3132 quod
313 3051 435 3130 quidem
449 3049 557 3110 falsum
574 3059 634 3109 est:
656 3069 725 3108 nem
742 3049 823 3108 notio
840 3047 969 3107 hominis
984 3047 1079 3127 magis
1093 3049 1317 3128 comprehendor

216 3160 268 3222 est,
284 3166 375 3226 quem
391 3147 471 3208 notio
485 3145 625 3206 animalis
641 3147 684 3223 (n.
701 3145 762 3222 50.)

255 3245 459 3306 Contirmatur
483 3241 707 3302 amenio—Nil
735 3253 829 3319 potent
855 3242 974 3320 reperiri
1000 3245 1034 3300 io
1061 3245 1152 3320 sipon,
1176 3265 1233 3323 qna
1258 3244 1318 3315 tati,

217 3343 297 3423 quod
314 3345 346 3401 in.
360 3363 391 3401 re
414 3341 606 3420 perxiguum
631 3340 795 3418 eiyniftooto
818 3359 876 3398 non
903 3340 1076 3418 reperiatur.
1118 3339 1263 3400 Jamvero
1288 3341 1318 3400 in

217 3440 426 3520 propositione,
442 3457 519 3516 quae
533 3446 576 3496 est
589 3439 705 3514 eipnom
719 3435 840 3514 judicii,
855 3435 1023 3496 affirmatur
1037 3435 1084 3496 vel
1099 3446 1227 3516 negatur
1241 3437 1320 3498 iden·

217 3537 286 3596 titus
310 3536 446 3614 objectiva
471 3532 636 3612 praedicati
657 3541 687 3591 et
711 3531 843 3612 subjecti.
887 3531 968 3610 Ergo
990 3532 1020 3591 iu
1038 3533 1154 3612 judicio
1175 3533 1316 3593 offirmari

217 3633 262 3694 vel
278 3633 380 3711 negari
403 3631 490 3690 debet
512 3629 652 3690 identitas
667 3629 802 3708 objectiva
823 3630 988 3702 notionum,
1004 3651 1080 3708 quae
1095 3639 1316 3709 comparantur.

257 3730 345 3806 Quae
359 3729 407 3788 hie
429 3728 565 3798 dicimuS,
581 3725 666 3785 nulle
688 3727 801 3786 ratione
816 3727 968 3786 contraria
981 3737 1052 3786 sunt
1065 3727 1120 3800 hin,
1136 3747 1213 3804 quae
1227 3748 1318 3805 supra

213 3837 333 3907 ageutae
343 3827 381 3885 de
392 3825 613 3905 praedicatione
627 3823 750 3896 directe,
765 3825 827 3885 sive
841 3823 977 3884 formalis
992 3845 1027 3884 ea
1041 3825 1088 3897 sit,
1100 3825 1163 3884 sive
1178 3824 1316 3897 identice,

160 3933 174 3962 ·
216 3926 259 4002 (u.
275 3924 337 4000 40.)
354 3921 517 3994 docuimus,
533 3931 566 3980 ut
580 3941 687 3999 porum
702 3920 868 3981 attendenti
883 3920 1006 3999 patebit.
