3172 4950
306 433 345 494 so
737 395 740 404 ’
801 435 921 516 noae.
967 417 975 429 '

305 628 438 703 nificant,
452 649 579 709 quorum
601 629 720 710 singula
746 650 806 692 rem
830 629 1010 720 hujusmodi,
1024 639 1114 710 prout
1136 631 1167 690 in
1193 650 1229 692 ea
1244 630 1409 710 peetdiorie

306 726 429 806 quidam
451 727 556 788 modus
570 727 683 788 essendi
698 748 733 788 ao
747 728 890 808 operandi
912 728 1073 801 invenitur,
1087 728 1269 808 exprimunt.
1311 729 1361 790 sie
1375 750 1403 790 v.

305 845 332 902 g.
348 823 447 886 Sortes
471 823 569 885 dietus
591 834 635 885 est
655 823 845 895 &detortum
866 825 937 906 quia
964 843 1017 904 per
1040 845 1070 885 se
1092 834 1167 886 stat:
1191 845 1311 905 scapua·
1332 825 1403 905 quia

306 921 505 1001 quantitatem
520 921 627 982 habet:
648 922 762 992 vivam
784 921 855 1000 quia
869 921 908 981 ad
923 921 1082 982 intrinseco
1096 935 1249 983 movetur:
1272 923 1386 982 animal
1394 944 1405 992 ,·

305 1019 377 1098 quia
398 1018 597 1080 sensibilitate
620 1018 749 1098 gaudet:
781 1018 881 1090 bomo‚·
903 1019 974 1099 qnia
996 1019 1111 1081 ratione
1133 1020 1253 1081 fruitur.
1294 1019 1406 1080 Omnia

306 1126 407 1176 autem
422 1115 495 1176 haee
510 1114 632 1176 nomina
646 1115 765 1176 unicam
778 1125 898 1194 tantum·
907 1125 1046 1178 naturam
1057 1115 1339 1196 Sortissignificant,
1354 1116 1405 1176 sed

305 1212 362 1272 sub
387 1211 505 1272 diversa
529 1211 652 1284 ratione,
667 1212 685 1271 i.
700 1232 724 1272 e.
739 1211 900 1272 secundum
925 1211 1056 1274 diversos
1078 1212 1191 1274 saer-,di
1212 1213 1323 1286 modos,
1338 1235 1404 1294 pro·

307 1309 446 1387 prietates
460 1317 514 1369 aut
528 1307 712 1386 operationes
727 1307 757 1367 in
773 1307 836 1388 ipso
850 1307 1003 1368 inventas:
1026 1329 1085 1368 non
1099 1309 1179 1388 quod
1194 1309 1269 1370 talia
1282 1311 1405 1370 nomina

305 1406 491 1486 operationes
500 1405 753 1486 proprietatesque
763 1404 930 1484 significent
952 1405 1134 1486 (significant
1144 1406 1222 1466 enim
1233 1426 1294 1466 rem
1307 1407 1401 1486 ipsam

306 1504 426 1583 ejusque
450 1502 684 1580 substantiam);
704 1501 755 1562 sed
777 1513 847 1562 sunt
862 1503 1000 1582 imposita
1014 1502 1054 1563 ad
1068 1502 1294 1582 significandam
1315 1503 1405 1564 Subs-
1443 1491 1446 1504 ¹

307 1601 435 1662 tantiam
449 1620 487 1660 ex
512 1599 637 1660 diversis
662 1599 883 1678 operationibus
908 1600 1208 1682 proprietatibusque,
1222 1621 1299 1678 quae
1324 1601 1404 1660 inea

307 1696 509 1758 inveniuntur.
551 1695 642 1768 Nam,
668 1707 702 1756 ut
727 1695 800 1756 bene
824 1695 962 1758 observat
975 1696 1005 1758 S.
1021 1695 1159 1768 Thomas,
1174 1716 1261 1776 saepe
1281 1697 1404 1757 nomina

305 1793 475 1872 significant
488 1792 622 1872 aliquam
637 1813 708 1865 rem,
719 1801 749 1852 et
760 1791 1003 1872 imponunturad
1014 1791 1243 1870 significandum
1255 1812 1293 1852 ex
1303 1791 1404 1870 aliqua

308 1892 497 1970 proprietate,
512 1909 602 1970 quam
618 1910 676 1951 non
692 1889 878 1969 significant:
902 1889 980 1949 unde
994 1888 1078 1950 aliud
1092 1901 1136 1950 est
1151 1889 1191 1962 id,
1207 1889 1282 1970 quod
1295 1889 1405 1968 signifi-

307 1999 396 2060 cant;
417 1987 501 2049 aliud
523 2007 594 2048 vero
607 1987 641 2046 id
655 2009 673 2046 a
688 2007 742 2066 quo
757 1986 795 2046 ad
817 1985 1045 2066 significandum
1070 1986 1273 2067 imponuntur.
1316 1986 1361 2046 Cf.
1379 1987 1404 2046 1.

307 2106 334 2166 p.
350 2107 377 2164 q.
395 2085 440 2146 13.
456 2105 483 2146 a.
499 2085 600 2146 8.—et
614 2105 641 2164 q.
658 2085 704 2146 18.
720 2105 747 2158 a,
763 2084 789 2144 2.

240 2219 243 2226 ·
348 2180 500 2260 Quoniam
516 2200 586 2240 vero
602 2179 750 2259 quaedam
764 2179 877 2240 essendi
899 2180 1102 2260 operandique
1117 2179 1245 2242 rationes
1258 2181 1327 2252 sint,
1342 2181 1405 2260 qui-

308 2278 362 2338 bus
384 2277 481 2338 multa
495 2276 697 2349 conveniunt;
718 2276 875 2356 quaedam,
889 2277 997 2356 quibus
1011 2277 1172 2338 differunt:
1193 2285 1406 2356 consequenter

307 2376 438 2448 uomina,
452 2394 530 2454 quae
552 2373 591 2436 ab
617 2373 678 2434 illis
699 2383 868 2448 sumuntur,
883 2373 945 2434 alia
967 2387 1038 2436 sunt
1062 2374 1199 2456 pluribus
1224 2376 1407 2450 communia,

307 2475 368 2536 alia
384 2495 453 2535 vero
477 2472 645 2534 differentia
659 2481 689 2532 et
713 2471 891 2552 quibusdam
917 2471 1088 2552 peculiaria.
1130 2472 1179 2534 Sic
1194 2493 1222 2536 v.
1237 2494 1265 2553 g.
1280 2473 1408 2534 Animal

307 2572 418 2632 dicit-ur
438 2590 526 2633 omne
539 2569 580 2642 id,
595 2569 675 2649 quod
695 2567 890 2630 sensibilitate
910 2568 1040 2640 fruitur;
1060 2571 1155 2630 vivens
1168 2589 1256 2630 omne
1270 2569 1310 2642 id,
1325 2569 1405 2649 quod

307 2669 347 2731 ab
369 2668 528 2730 intrinseco
552 2665 698 2748 principio
724 2675 879 2738 movetur;
906 2666 1049 2726 rationale
1073 2665 1150 2726 illud
1174 2675 1302 2740 tantum,
1327 2667 1407 2746 quod

307 2749 472 2826 disdurrere
498 2773 602 2844 potest.
645 2761 851 2840 Quamobrem
874 2761 949 2824 haee
973 2763 1103 2836 nomina,
1126 2783 1203 2842 quae
1224 2763 1407 2826 substautias

307 2860 451 2921 secundas
476 2860 529 2938 (de
555 2859 664 2939 quibus
689 2879 760 2920 mox
784 2859 888 2939 agam)
921 2858 1099 2940 significant,
1123 2859 1186 2920 alia
1212 2860 1280 2922 aliis
1311 2863 1407 2942 magis

308 2957 444 3018 minusve
453 2955 624 3017 communia
636 2963 715 3028 sunt,
727 2964 756 3015 et
767 2954 915 3034 quaedam
928 2976 1044 3036 ponera,
1056 2955 1204 3038 quaedam
1218 2957 1407 3036 differentius,

307 3058 455 3140 quaedam
469 3060 573 3138 species
586 3057 753 3138 significare
767 3057 917 3118 dicuntur.
958 3055 1135 3136 Significant
1148 3077 1257 3136 genera
1271 3077 1315 3130 ea,
1330 3077 1406 3137 quae

307 3166 467 3218 sumuntur
490 3155 597 3218 abillo
619 3154 733 3216 essendi
755 3153 804 3217 vel
826 3153 969 3234 operandi
992 3153 1089 3226 modo,
1103 3154 1135 3213 in
1150 3174 1209 3248 quo
1223 3174 1268 3214 res
1281 3154 1407 3233 specifice

307 3254 442 3314 diversae
456 3251 653 3314 conveniunt:
668 3249 838 3330 significant
852 3249 1032 3311 differentias
1046 3271 1090 3323 ea,
1101 3270 1178 3330 quae
1191 3260 1352 3311 sumuntur
1366 3249 1406 3310 ab

307 3352 360 3412 illo
375 3349 489 3412 essendi
503 3348 552 3412 vel
566 3347 709 3428 operandi
724 3347 821 3421 modo,
837 3367 895 3428 quo
909 3368 955 3408 res
968 3349 1058 3428 speeie
1071 3347 1206 3410 diversae
1220 3347 1259 3408 ab
1274 3348 1402 3409 invicem

307 3448 466 3527 differtum
486 3445 658 3526 significant
681 3443 791 3524 speeies
815 3463 859 3516 ea,
873 3463 951 3523 quae
964 3444 1004 3505 ab
1017 3453 1144 3523 utroque
1167 3443 1283 3504 essendi
1296 3452 1326 3504 et
1339 3463 1407 3522 ope·
1430 3457 1437 3472 ·

308 3545 396 3606 randi
424 3543 512 3606 modo
536 3550 705 3614 sumuntur,
728 3540 808 3602 unde
831 3540 942 3601 dicitur
964 3539 1076 3620 Species
1100 3549 1235 3602 constare
1255 3561 1359 3620 qaaere
1378 3549 1409 3600 et

308 3642 525 3722 differentia.—

349 3741 396 3802 48.
438 3736 608 3800 Secundum
630 3733 877 3813 eat—Quoniam
901 3733 1077 3795 Differentia
1099 3733 1270 3794 detemirmt
1291 3732 1403 3808 Genus,

302 3833 353 3916 '(n.
368 3835 430 3914 44.)
446 3827 636 3914 consequitur
649 3831 767 3906 exinde,
781 3831 871 3912 quod,
885 3851 944 3911 quo
958 3830 1058 3912 plures
1072 3831 1263 3911 paucioresve
1270 3831 1406 3892 differen-

308 3935 369 3996 tiae
382 3931 536 3994 adduntur
548 3930 658 4011 generi
672 3951 706 3992 eo
721 3929 788 4010 plus
802 3929 938 3992 minusve
947 3949 1040 4009 genus
1050 3929 1274 3990 determinatur.
1316 3927 1406 3990 Sume

308 4051 337 4092 v.
352 4051 379 4110 g.
395 4027 497 4090 Genus
519 4027 723 4098 &astantiam
744 4027 781 4088 de
794 4047 825 4088 se
838 4036 882 4088 est
904 4024 1074 4087 indifferens
1096 4025 1135 4085 ad
1161 4045 1343 4105 corpoream,
1358 4024 1405 4086 vel

308 4127 513 4204 incorpoream
534 4123 733 4185 substantiam
754 4123 1000 4203 significandam:
1031 4123 1109 4185 adde
1131 4123 1187 4203 ipsi
1209 4123 1405 4184 differentiam

314 4222 525 4302 θοφοτσίίαῆε,
553 4219 607 4281 illa
629 4221 711 4301 prior
734 4220 934 4284 indifferentia
955 4241 1016 4282 non
1040 4219 1171 4300 amplius
1197 4219 1344 4293 subsistet,
1372 4225 1402 4280 et

308 4316 537 4380 determinatam
562 4315 768 4378 Substantiam
782 4337 832 4378 se:
859 4315 970 4396 Oovpae
991 4314 1224 4377 babebis—Sed
1238 4335 1344 4395 eorpus
1358 4335 1409 4396 po·
