<?xml version="1.0" encoding="UTF-8"?>
<!DOCTYPE html PUBLIC "-//W3C//DTD XHTML 1.0 Transitional//EN"
    "http://www.w3.org/TR/xhtml1/DTD/xhtml1-transitional.dtd">
<html xmlns="http://www.w3.org/1999/xhtml" xml:lang="en" lang="en">
 <head>
  <title>
</title>
<meta http-equiv="Content-Type" content="text/html;charset=utf-8" />
  <meta name='ocr-system' content='tesseract 3.04.00' />
  <meta name='ocr-capabilities' content='ocr_page ocr_carea ocr_par ocr_line ocrx_word'/>
</head>
<body>
  <div class='ocr_page' id='page_1' title='image "./logicaegenerali00schigoog_0291.png"; bbox 0 0 3118 4956; ppageno 0'>
   <div class='ocr_carea' id='block_1_1' title="bbox 339 409 953 490">
    <p class='ocr_par' dir='ltr' id='par_1_1' title="bbox 339 409 953 490">
     <span class='ocr_line' id='line_1_1' title="bbox 339 409 953 490; baseline 0.011 -26"><span class='ocrx_word' id='word_1_1' title='bbox 339 409 397 466; x_wconf 74' lang='lat'>274</span> <span class='ocrx_word' id='word_1_2' title='bbox 836 412 953 490; x_wconf 71' lang='lat' dir='ltr'>lroyiou.</span> 
     </span>
    </p>
   </div>
   <div class='ocr_carea' id='block_1_2' title="bbox 335 605 1430 779">
    <p class='ocr_par' dir='ltr' id='par_1_2' title="bbox 335 605 1430 779">
     <span class='ocr_line' id='line_1_2' title="bbox 336 605 1430 686; baseline 0.007 -28"><span class='ocrx_word' id='word_1_3' title='bbox 336 607 458 669; x_wconf 68' lang='lat' dir='ltr'>limnon</span> <span class='ocrx_word' id='word_1_4' title='bbox 470 613 570 662; x_wconf 84' lang='lat' dir='ltr'>tumen</span> <span class='ocrx_word' id='word_1_5' title='bbox 582 605 743 663; x_wconf 78' lang='lat' dir='ltr'>set-undum</span> <span class='ocrx_word' id='word_1_6' title='bbox 756 605 834 683; x_wconf 93' lang='lat' dir='ltr'>quod</span> <span class='ocrx_word' id='word_1_7' title='bbox 845 605 988 684; x_wconf 84' lang='lat' dir='ltr'>lapis,sed</span> <span class='ocrx_word' id='word_1_8' title='bbox 999 607 1160 666; x_wconf 80' lang='lat' dir='ltr'>seeundum</span> <span class='ocrx_word' id='word_1_9' title='bbox 1173 608 1254 686; x_wconf 91' lang='lat' dir='ltr'>quod</span> <span class='ocrx_word' id='word_1_10' title='bbox 1265 617 1307 668; x_wconf 83' lang='lat' dir='ltr'>est</span> <span class='ocrx_word' id='word_1_11' title='bbox 1318 609 1430 686; x_wconf 79' lang='lat' dir='ltr'>aliquid</span> 
     </span>
     <span class='ocr_line' id='line_1_3' title="bbox 335 699 1182 779; baseline 0.009 -26"><span class='ocrx_word' id='word_1_12' title='bbox 335 699 520 776; x_wconf 68' lang='lat' dir='ltr'>superficiem</span> <span class='ocrx_word' id='word_1_13' title='bbox 538 700 728 762; x_wconf 72' lang='lat' dir='ltr'>habens-S.</span> <span class='ocrx_word' id='word_1_14' title='bbox 744 701 799 762; x_wconf 87' lang='lat' dir='ltr'>Th.</span> <span class='ocrx_word' id='word_1_15' title='bbox 817 705 858 779; x_wconf 80' lang='lat'>(1.</span> <span class='ocrx_word' id='word_1_16' title='bbox 874 703 953 764; x_wconf 84' lang='lat' dir='ltr'>Post.</span> <span class='ocrx_word' id='word_1_17' title='bbox 970 704 1021 763; x_wconf 82' lang='lat' dir='ltr'>lec.</span> <span class='ocrx_word' id='word_1_18' title='bbox 1040 707 1085 765; x_wconf 91' lang='lat'>11.</span> <span class='ocrx_word' id='word_1_19' title='bbox 1103 704 1182 778; x_wconf 70' lang='lat'>12).-</span> 
     </span>
    </p>
   </div>
   <div class='ocr_carea' id='block_1_3' title="bbox 377 795 1534 879">
    <p class='ocr_par' dir='ltr' id='par_1_3' title="bbox 377 795 1534 879">
     <span class='ocr_line' id='line_1_4' title="bbox 377 795 1534 879; baseline 0.01 -28"><span class='ocrx_word' id='word_1_20' title='bbox 377 797 443 854; x_wconf 77' lang='lat'>316.</span> <span class='ocrx_word' id='word_1_21' title='bbox 487 795 760 858; x_wconf 74' lang='lat' dir='ltr'>Ill-Immediom</span> <span class='ocrx_word' id='word_1_22' title='bbox 774 801 834 876; x_wconf 67' lang='lat' dir='ltr'>(sm</span> <span class='ocrx_word' id='word_1_23' title='bbox 849 802 912 859; x_wconf 83' lang='lat' dir='ltr'>sine</span> <span class='ocrx_word' id='word_1_24' title='bbox 924 801 1035 873; x_wconf 85' lang='lat' dir='ltr'>medio)</span> <span class='ocrx_word' id='word_1_25' title='bbox 1049 801 1210 879; x_wconf 73' lang='lat' dir='ltr'>propositio</span> <span class='ocrx_word' id='word_1_26' title='bbox 1225 802 1280 862; x_wconf 83' lang='lat' dir='ltr'>illu</span> <span class='ocrx_word' id='word_1_27' title='bbox 1291 817 1431 869; x_wconf 58' lang='lat' dir='ltr'>censetur.</span> <span class='ocrx_word' id='word_1_28' title='bbox 1533 801 1534 806; x_wconf 65' lang='grc'>’</span> 
     </span>
    </p>
   </div>
   <div class='ocr_carea' id='block_1_4' title="bbox 335 893 1431 1168">
    <p class='ocr_par' dir='ltr' id='par_1_4' title="bbox 335 893 1431 1168">
     <span class='ocr_line' id='line_1_5' title="bbox 336 893 1431 976; baseline 0.006 -27"><span class='ocrx_word' id='word_1_29' title='bbox 336 912 395 968; x_wconf 83' lang='lat' dir='ltr'>qun</span> <span class='ocrx_word' id='word_1_30' title='bbox 404 893 584 971; x_wconf 81' lang='lat' dir='ltr'>exprimitur</span> <span class='ocrx_word' id='word_1_31' title='bbox 598 895 801 972; x_wconf 81' lang='lat' dir='ltr'>praedicatum</span> <span class='ocrx_word' id='word_1_32' title='bbox 812 897 970 956; x_wconf 81' lang='lat' dir='ltr'>convenire</span> <span class='ocrx_word' id='word_1_33' title='bbox 984 897 1116 975; x_wconf 72' lang='lat' dir='ltr'>subjecto</span> <span class='ocrx_word' id='word_1_34' title='bbox 1126 917 1185 957; x_wconf 88' lang='lat' dir='ltr'>non</span> <span class='ocrx_word' id='word_1_35' title='bbox 1196 907 1318 976; x_wconf 81' lang='lat' dir='ltr'>propter</span> <span class='ocrx_word' id='word_1_36' title='bbox 1332 899 1431 958; x_wconf 80' lang='lat' dir='ltr'>uliud:</span> 
     </span>
     <span class='ocr_line' id='line_1_6' title="bbox 335 989 1431 1074; baseline 0.005 -29"><span class='ocrx_word' id='word_1_37' title='bbox 335 989 375 1046; x_wconf 69' lang='lat' dir='ltr'>sir</span> <span class='ocrx_word' id='word_1_38' title='bbox 391 989 501 1050; x_wconf 59' lang='lat' dir='ltr'>risibile</span> <span class='ocrx_word' id='word_1_39' title='bbox 515 991 685 1051; x_wconf 83' lang='lat' dir='ltr'>inrmediate</span> <span class='ocrx_word' id='word_1_40' title='bbox 700 995 840 1052; x_wconf 79' lang='lat' dir='ltr'>convenit</span> <span class='ocrx_word' id='word_1_41' title='bbox 854 995 977 1053; x_wconf 73' lang='lat' dir='ltr'>cruimoli</span> <span class='ocrx_word' id='word_1_42' title='bbox 993 996 1140 1066; x_wconf 78' lang='lat' dir='ltr'>rationali,</span> <span class='ocrx_word' id='word_1_43' title='bbox 1150 1017 1227 1074; x_wconf 79' lang='lat' dir='ltr'>quae</span> <span class='ocrx_word' id='word_1_44' title='bbox 1242 1013 1286 1056; x_wconf 79' lang='lat' dir='ltr'>est</span> <span class='ocrx_word' id='word_1_45' title='bbox 1301 996 1431 1056; x_wconf 85' lang='lat' dir='ltr'>delinitio</span> 
     </span>
     <span class='ocr_line' id='line_1_7' title="bbox 336 1086 1429 1168; baseline 0.007 -24"><span class='ocrx_word' id='word_1_46' title='bbox 336 1086 471 1160; x_wconf 86' lang='lat' dir='ltr'>hominis,</span> <span class='ocrx_word' id='word_1_47' title='bbox 486 1098 516 1146; x_wconf 85' lang='lat' dir='ltr'>ot</span> <span class='ocrx_word' id='word_1_48' title='bbox 530 1089 625 1148; x_wconf 89' lang='lat' dir='ltr'>omnis</span> <span class='ocrx_word' id='word_1_49' title='bbox 647 1090 767 1168; x_wconf 79' lang='lat' dir='ltr'>propria</span> <span class='ocrx_word' id='word_1_50' title='bbox 790 1089 888 1168; x_wconf 78' lang='lat' dir='ltr'>possid</span> <span class='ocrx_word' id='word_1_51' title='bbox 909 1092 1048 1151; x_wconf 79' lang='lat' dir='ltr'>convenit</span> <span class='ocrx_word' id='word_1_52' title='bbox 1071 1092 1243 1152; x_wconf 82' lang='lat' dir='ltr'>immediate</span> <span class='ocrx_word' id='word_1_53' title='bbox 1267 1093 1429 1154; x_wconf 82' lang='lat' dir='ltr'>definitioni</span> 
     </span>
    </p>
   </div>
   <div class='ocr_carea' id='block_1_5' title="bbox 336 1180 1534 1269">
    <p class='ocr_par' dir='ltr' id='par_1_5' title="bbox 336 1180 1534 1269">
     <span class='ocr_line' id='line_1_8' title="bbox 336 1180 1534 1269; baseline 0.008 -29"><span class='ocrx_word' id='word_1_54' title='bbox 336 1184 447 1261; x_wconf 90' lang='lat' dir='ltr'>proprii</span> <span class='ocrx_word' id='word_1_55' title='bbox 462 1185 597 1262; x_wconf 72' lang='lat' dir='ltr'>sultjepti</span> <span class='ocrx_word' id='word_1_56' title='bbox 611 1196 641 1244; x_wconf 91' lang='lat' dir='ltr'>et</span> <span class='ocrx_word' id='word_1_57' title='bbox 655 1180 793 1264; x_wconf 79' lang='lat' dir='ltr'>pioprine</span> <span class='ocrx_word' id='word_1_58' title='bbox 807 1207 877 1246; x_wconf 83' lang='lat' dir='ltr'>suae</span> <span class='ocrx_word' id='word_1_59' title='bbox 891 1187 1135 1248; x_wconf 81' lang='lat' dir='ltr'>definitioni-E</span> <span class='ocrx_word' id='word_1_60' title='bbox 1150 1201 1255 1250; x_wconf 85' lang='lat' dir='ltr'>eontra</span> <span class='ocrx_word' id='word_1_61' title='bbox 1270 1192 1430 1269; x_wconf 70' lang='lat' dir='ltr'>propositio</span> <span class='ocrx_word' id='word_1_62' title='bbox 1533 1213 1534 1226; x_wconf 56' lang='lat'><strong>³</strong></span> 
     </span>
    </p>
   </div>
   <div class='ocr_carea' id='block_1_6' title="bbox 334 1281 1430 1364">
    <p class='ocr_par' dir='ltr' id='par_1_6' title="bbox 334 1281 1430 1364">
     <span class='ocr_line' id='line_1_9' title="bbox 334 1281 1430 1364; baseline 0.003 -27"><span class='ocrx_word' id='word_1_63' title='bbox 334 1281 461 1339; x_wconf 75' lang='lat' dir='ltr'>rnerllnto</span> <span class='ocrx_word' id='word_1_64' title='bbox 475 1281 529 1340; x_wconf 83' lang='lat' dir='ltr'>illa</span> <span class='ocrx_word' id='word_1_65' title='bbox 543 1291 594 1351; x_wconf 88' lang='lat' dir='ltr'>est,</span> <span class='ocrx_word' id='word_1_66' title='bbox 610 1282 641 1340; x_wconf 92' lang='lat' dir='ltr'>in</span> <span class='ocrx_word' id='word_1_67' title='bbox 656 1302 715 1360; x_wconf 79' lang='lat' dir='ltr'>qun</span> <span class='ocrx_word' id='word_1_68' title='bbox 731 1283 934 1360; x_wconf 76' lang='lat' dir='ltr'>praedicatum</span> <span class='ocrx_word' id='word_1_69' title='bbox 952 1285 1027 1344; x_wconf 76' lang='lat' dir='ltr'>inest</span> <span class='ocrx_word' id='word_1_70' title='bbox 1040 1284 1173 1364; x_wconf 83' lang='lat' dir='ltr'>subjecto</span> <span class='ocrx_word' id='word_1_71' title='bbox 1186 1289 1300 1346; x_wconf 71' lang='lat' dir='ltr'>rotrone</span> <span class='ocrx_word' id='word_1_72' title='bbox 1313 1289 1430 1346; x_wconf 63' lang='lat' dir='ltr'>ulterius</span> 
     </span>
    </p>
   </div>
   <div class='ocr_carea' id='block_1_7' title="bbox 329 1378 1534 1460">
    <p class='ocr_par' dir='ltr' id='par_1_7' title="bbox 329 1378 1534 1460">
     <span class='ocr_line' id='line_1_10' title="bbox 329 1378 1534 1460; baseline 0.005 -25"><span class='ocrx_word' id='word_1_73' title='bbox 329 1378 494 1454; x_wconf 76' lang='lat' dir='ltr'>pruodt&#39;oati</span> <span class='ocrx_word' id='word_1_74' title='bbox 508 1380 567 1452; x_wconf 74' lang='lat' dir='ltr'>lm:</span> <span class='ocrx_word' id='word_1_75' title='bbox 584 1391 705 1458; x_wconf 86' lang='lat' dir='ltr'>proptor</span> <span class='ocrx_word' id='word_1_76' title='bbox 714 1381 797 1438; x_wconf 76' lang='lat' dir='ltr'>aliud</span> <span class='ocrx_word' id='word_1_77' title='bbox 811 1381 1030 1458; x_wconf 76' lang='lat' dir='ltr'>praedicatum)</span> <span class='ocrx_word' id='word_1_78' title='bbox 1042 1382 1122 1460; x_wconf 92' lang='lat' dir='ltr'>quod</span> <span class='ocrx_word' id='word_1_79' title='bbox 1134 1386 1286 1460; x_wconf 80' lang='lat' dir='ltr'>perprius</span> <span class='ocrx_word' id='word_1_80' title='bbox 1299 1383 1431 1460; x_wconf 71' lang='lat' dir='ltr'>subjecto</span> <span class='ocrx_word' id='word_1_81' title='bbox 1533 1405 1534 1408; x_wconf 43' lang='lat'>¹</span> 
     </span>
    </p>
   </div>
   <div class='ocr_carea' id='block_1_8' title="bbox 331 1467 1430 1650">
    <p class='ocr_par' dir='ltr' id='par_1_8' title="bbox 331 1467 1430 1650">
     <span class='ocr_line' id='line_1_11' title="bbox 332 1467 1430 1557; baseline 0.006 -26"><span class='ocrx_word' id='word_1_82' title='bbox 332 1475 489 1552; x_wconf 75' lang='lat' dir='ltr'>oompstit3</span> <span class='ocrx_word' id='word_1_83' title='bbox 507 1467 566 1534; x_wconf 53' lang='lat' dir='ltr'>‘sio</span> <span class='ocrx_word' id='word_1_84' title='bbox 595 1475 747 1536; x_wconf 80' lang='lat' dir='ltr'>risibilitas</span> <span class='ocrx_word' id='word_1_85' title='bbox 774 1477 897 1537; x_wconf 74' lang='lat' dir='ltr'>modiolo</span> <span class='ocrx_word' id='word_1_86' title='bbox 924 1479 1065 1557; x_wconf 83' lang='lat' dir='ltr'>competit</span> <span class='ocrx_word' id='word_1_87' title='bbox 1092 1479 1181 1552; x_wconf 69' lang='lat' dir='ltr'>sorti,</span> <span class='ocrx_word' id='word_1_88' title='bbox 1209 1501 1280 1540; x_wconf 81' lang='lat' dir='ltr'>nam</span> <span class='ocrx_word' id='word_1_89' title='bbox 1309 1491 1430 1540; x_wconf 78' lang='lat' dir='ltr'>eatenus</span> 
     </span>
     <span class='ocr_line' id='line_1_12' title="bbox 331 1571 1428 1650; baseline 0.004 -20"><span class='ocrx_word' id='word_1_90' title='bbox 331 1571 425 1630; x_wconf 61' lang='lat' dir='ltr'>bordes</span> <span class='ocrx_word' id='word_1_91' title='bbox 438 1581 481 1632; x_wconf 83' lang='lat' dir='ltr'>ost</span> <span class='ocrx_word' id='word_1_92' title='bbox 494 1571 624 1644; x_wconf 53' lang='lat' dir='ltr'>nobilis,</span> <span class='ocrx_word' id='word_1_93' title='bbox 634 1583 780 1650; x_wconf 85' lang='lat' dir='ltr'>quatenus</span> <span class='ocrx_word' id='word_1_94' title='bbox 794 1585 835 1632; x_wconf 88' lang='lat' dir='ltr'>est</span> <span class='ocrx_word' id='word_1_95' title='bbox 848 1575 961 1633; x_wconf 80' lang='lat' dir='ltr'>unirdul</span> <span class='ocrx_word' id='word_1_96' title='bbox 975 1575 1320 1636; x_wconf 73' lang='lat' dir='ltr'>mtiormle.-Differunt</span> <span class='ocrx_word' id='word_1_97' title='bbox 1330 1589 1428 1636; x_wconf 83' lang='lat' dir='ltr'>autom</span> 
     </span>
    </p>
   </div>
   <div class='ocr_carea' id='block_1_9' title="bbox 326 1669 1534 1942">
    <p class='ocr_par' dir='ltr' id='par_1_9' title="bbox 326 1669 1534 1942">
     <span class='ocr_line' id='line_1_13' title="bbox 326 1669 1534 1751; baseline 0.006 -26"><span class='ocrx_word' id='word_1_98' title='bbox 326 1669 456 1744; x_wconf 83' lang='lat' dir='ltr'>primum</span> <span class='ocrx_word' id='word_1_99' title='bbox 470 1679 499 1728; x_wconf 87' lang='lat' dir='ltr'>et</span> <span class='ocrx_word' id='word_1_100' title='bbox 513 1669 728 1728; x_wconf 76' lang='lat' dir='ltr'>irnmodlotum:</span> <span class='ocrx_word' id='word_1_101' title='bbox 750 1689 819 1728; x_wconf 85' lang='lat' dir='ltr'>nam</span> <span class='ocrx_word' id='word_1_102' title='bbox 836 1691 893 1731; x_wconf 91' lang='lat' dir='ltr'>uon</span> <span class='ocrx_word' id='word_1_103' title='bbox 909 1691 1005 1740; x_wconf 82' lang='lat' dir='ltr'>omne,</span> <span class='ocrx_word' id='word_1_104' title='bbox 1020 1671 1099 1750; x_wconf 91' lang='lat' dir='ltr'>quod</span> <span class='ocrx_word' id='word_1_105' title='bbox 1109 1673 1207 1751; x_wconf 83' lang='lat' dir='ltr'>primo</span> <span class='ocrx_word' id='word_1_106' title='bbox 1221 1673 1306 1741; x_wconf 79' lang='lat' dir='ltr'>inest,</span> <span class='ocrx_word' id='word_1_107' title='bbox 1320 1673 1431 1732; x_wconf 74' lang='lat' dir='ltr'>dieitur</span> <span class='ocrx_word' id='word_1_108' title='bbox 1533 1729 1534 1732; x_wconf 74' lang='grc'>,</span> 
     </span>
     <span class='ocr_line' id='line_1_14' title="bbox 331 1765 1534 1844; baseline 0.009 -21"><span class='ocrx_word' id='word_1_109' title='bbox 331 1765 546 1836; x_wconf 60' lang='lat' dir='ltr'>immediatum</span> <span class='ocrx_word' id='word_1_110' title='bbox 562 1766 672 1826; x_wconf 65' lang='lat' dir='ltr'>risibile</span> <span class='ocrx_word' id='word_1_111' title='bbox 686 1767 764 1825; x_wconf 85' lang='lat' dir='ltr'>onim</span> <span class='ocrx_word' id='word_1_112' title='bbox 774 1770 872 1844; x_wconf 82' lang='lat' dir='ltr'>pri-mo</span> <span class='ocrx_word' id='word_1_113' title='bbox 887 1769 963 1828; x_wconf 84' lang='lat' dir='ltr'>inest</span> <span class='ocrx_word' id='word_1_114' title='bbox 977 1769 1100 1838; x_wconf 83' lang='lat' dir='ltr'>homini,</span> <span class='ocrx_word' id='word_1_115' title='bbox 1113 1790 1170 1829; x_wconf 91' lang='lat' dir='ltr'>non</span> <span class='ocrx_word' id='word_1_116' title='bbox 1186 1779 1286 1830; x_wconf 75' lang='lat' dir='ltr'>tamon</span> <span class='ocrx_word' id='word_1_117' title='bbox 1302 1771 1430 1829; x_wconf 80' lang='lat' dir='ltr'>immedi-</span> <span class='ocrx_word' id='word_1_118' title='bbox 1533 1829 1534 1834; x_wconf 73' lang='grc'>,</span> 
     </span>
     <span class='ocr_line' id='line_1_15' title="bbox 329 1863 1427 1942; baseline 0.005 -23"><span class='ocrx_word' id='word_1_119' title='bbox 329 1871 383 1935; x_wconf 81' lang='lat' dir='ltr'>ute,</span> <span class='ocrx_word' id='word_1_120' title='bbox 394 1865 465 1942; x_wconf 87' lang='lat' dir='ltr'>quin</span> <span class='ocrx_word' id='word_1_121' title='bbox 474 1885 530 1942; x_wconf 82' lang='lat' dir='ltr'>per</span> <span class='ocrx_word' id='word_1_122' title='bbox 539 1866 627 1942; x_wconf 80' lang='lat' dir='ltr'>prim</span> <span class='ocrx_word' id='word_1_123' title='bbox 640 1864 716 1924; x_wconf 89' lang='lat' dir='ltr'>inest</span> <span class='ocrx_word' id='word_1_124' title='bbox 725 1863 890 1924; x_wconf 88' lang='lat' dir='ltr'>definitioni</span> <span class='ocrx_word' id='word_1_125' title='bbox 905 1865 1034 1926; x_wconf 86' lang='lat' dir='ltr'>hominis</span> <span class='ocrx_word' id='word_1_126' title='bbox 1045 1877 1074 1926; x_wconf 88' lang='lat' dir='ltr'>et</span> <span class='ocrx_word' id='word_1_127' title='bbox 1087 1886 1167 1936; x_wconf 75' lang='lat' dir='ltr'>suae,</span> <span class='ocrx_word' id='word_1_128' title='bbox 1177 1886 1261 1926; x_wconf 85' lang='lat' dir='ltr'>seeus</span> <span class='ocrx_word' id='word_1_129' title='bbox 1274 1867 1354 1926; x_wconf 87' lang='lat' dir='ltr'>enirir</span> <span class='ocrx_word' id='word_1_130' title='bbox 1371 1887 1427 1925; x_wconf 88' lang='lat' dir='ltr'>non</span> 
     </span>
    </p>
   </div>
   <div class='ocr_carea' id='block_1_10' title="bbox 329 1953 1427 2024">
    <p class='ocr_par' dir='ltr' id='par_1_10' title="bbox 329 1945 1534 2048">
     <span class='ocr_line' id='line_1_16' title="bbox 329 1953 1427 2024; baseline 0 -4"><span class='ocrx_word' id='word_1_131' title='bbox 329 1973 402 2020; x_wconf 57' lang='lat' dir='ltr'>esset</span> <span class='ocrx_word' id='word_1_132' title='bbox 416 1961 542 2020; x_wconf 78' lang='lat' dir='ltr'>medium</span> <span class='ocrx_word' id='word_1_133' title='bbox 556 1961 594 2020; x_wconf 85' lang='lat' dir='ltr'>ad</span> <span class='ocrx_word' id='word_1_134' title='bbox 610 1953 847 2022; x_wconf 82' lang='lat' dir='ltr'>concludendum</span> <span class='ocrx_word' id='word_1_135' title='bbox 869 1961 981 2021; x_wconf 68' lang='lat' dir='ltr'>risibile</span> <span class='ocrx_word' id='word_1_136' title='bbox 994 1962 1031 2022; x_wconf 88' lang='lat' dir='ltr'>de</span> <span class='ocrx_word' id='word_1_137' title='bbox 1045 1963 1168 2023; x_wconf 78' lang='lat' dir='ltr'>homine.</span> <span class='ocrx_word' id='word_1_138' title='bbox 1210 1963 1356 2024; x_wconf 66' lang='lat' dir='ltr'>Similiter</span> <span class='ocrx_word' id='word_1_139' title='bbox 1370 1986 1427 2024; x_wconf 91' lang='lat' dir='ltr'>non</span> 
     </span>
    </p>
   </div>
   <div class='ocr_carea' id='block_1_11' title="bbox 328 2059 1534 2244">
    <p class='ocr_par' dir='ltr' id='par_1_11' title="bbox 328 2059 1534 2244">
     <span class='ocr_line' id='line_1_17' title="bbox 329 2059 1534 2137; baseline 0.002 -22"><span class='ocrx_word' id='word_1_140' title='bbox 329 2079 416 2118; x_wconf 86' lang='lat' dir='ltr'>omne</span> <span class='ocrx_word' id='word_1_141' title='bbox 438 2061 517 2137; x_wconf 86' lang='lat' dir='ltr'>quod</span> <span class='ocrx_word' id='word_1_142' title='bbox 541 2059 705 2118; x_wconf 79' lang='lat' dir='ltr'>imnwdiote</span> <span class='ocrx_word' id='word_1_143' title='bbox 726 2059 809 2130; x_wconf 82' lang='lat' dir='ltr'>inest,</span> <span class='ocrx_word' id='word_1_144' title='bbox 827 2060 925 2136; x_wconf 78' lang='lat' dir='ltr'>primo</span> <span class='ocrx_word' id='word_1_145' title='bbox 948 2059 1039 2120; x_wconf 85' lang='lat' dir='ltr'>inest:</span> <span class='ocrx_word' id='word_1_146' title='bbox 1061 2059 1143 2120; x_wconf 80' lang='lat' dir='ltr'>domo</span> <span class='ocrx_word' id='word_1_147' title='bbox 1164 2061 1243 2119; x_wconf 89' lang='lat' dir='ltr'>enim</span> <span class='ocrx_word' id='word_1_148' title='bbox 1266 2061 1428 2120; x_wconf 63' lang='lat' dir='ltr'>immediate</span> <span class='ocrx_word' id='word_1_149' title='bbox 1533 2081 1534 2130; x_wconf 51' lang='lat' dir='ltr'>r</span> 
     </span>
     <span class='ocr_line' id='line_1_18' title="bbox 328 2151 1534 2244; baseline 0.002 -28"><span class='ocrx_word' id='word_1_150' title='bbox 328 2158 403 2216; x_wconf 83' lang='lat' dir='ltr'>inest</span> <span class='ocrx_word' id='word_1_151' title='bbox 417 2158 501 2227; x_wconf 69' lang='lat' dir='ltr'>sorti,</span> <span class='ocrx_word' id='word_1_152' title='bbox 514 2178 571 2217; x_wconf 94' lang='lat' dir='ltr'>non</span> <span class='ocrx_word' id='word_1_153' title='bbox 588 2169 686 2218; x_wconf 84' lang='lat' dir='ltr'>tamen</span> <span class='ocrx_word' id='word_1_154' title='bbox 700 2151 795 2234; x_wconf 73' lang='lat' dir='ltr'>plimo</span> <span class='ocrx_word' id='word_1_155' title='bbox 804 2179 814 2226; x_wconf 89' lang='lat'><em>;</em></span> <span class='ocrx_word' id='word_1_156' title='bbox 829 2157 947 2236; x_wconf 82' lang='lat' dir='ltr'>quiade</span> <span class='ocrx_word' id='word_1_157' title='bbox 962 2157 1099 2236; x_wconf 88' lang='lat' dir='ltr'>pluribus</span> <span class='ocrx_word' id='word_1_158' title='bbox 1111 2158 1221 2218; x_wconf 77' lang='lat' dir='ltr'>dieitur</span> <span class='ocrx_word' id='word_1_159' title='bbox 1236 2158 1327 2228; x_wconf 77' lang='lat' dir='ltr'>doum,</span> <span class='ocrx_word' id='word_1_160' title='bbox 1338 2180 1426 2237; x_wconf 79' lang='lat' dir='ltr'>quam</span> <span class='ocrx_word' id='word_1_161' title='bbox 1533 2169 1534 2244; x_wconf 60' lang='lat' dir='ltr'><strong>j</strong></span> 
     </span>
    </p>
   </div>
   <div class='ocr_carea' id='block_1_12' title="bbox 322 2252 1427 2818">
    <p class='ocr_par' dir='ltr' id='par_1_12' title="bbox 329 2252 1012 2332">
     <span class='ocr_line' id='line_1_19' title="bbox 329 2252 1012 2332; baseline 0.003 -20"><span class='ocrx_word' id='word_1_162' title='bbox 329 2255 431 2314; x_wconf 79' lang='lat' dir='ltr'>Sertes.</span> <span class='ocrx_word' id='word_1_163' title='bbox 475 2254 520 2314; x_wconf 73' lang='lat' dir='ltr'>Cf.</span> <span class='ocrx_word' id='word_1_164' title='bbox 536 2253 564 2314; x_wconf 79' lang='lat' dir='ltr'>S.</span> <span class='ocrx_word' id='word_1_165' title='bbox 580 2253 634 2313; x_wconf 88' lang='lat' dir='ltr'>Th.</span> <span class='ocrx_word' id='word_1_166' title='bbox 653 2253 714 2330; x_wconf 81' lang='lat' dir='ltr'>(De</span> <span class='ocrx_word' id='word_1_167' title='bbox 729 2252 802 2332; x_wconf 84' lang='lat' dir='ltr'>Syll.</span> <span class='ocrx_word' id='word_1_168' title='bbox 819 2253 906 2314; x_wconf 77' lang='lat' dir='ltr'>Dein.</span> <span class='ocrx_word' id='word_1_169' title='bbox 921 2276 945 2314; x_wconf 84' lang='lat' dir='ltr'>c.</span> <span class='ocrx_word' id='word_1_170' title='bbox 961 2254 1012 2331; x_wconf 85' lang='lat'>5.).</span> 
     </span>
    </p>

    <p class='ocr_par' dir='ltr' id='par_1_13' title="bbox 322 2349 1427 2818">
     <span class='ocr_line' id='line_1_20' title="bbox 368 2349 1427 2430; baseline 0.001 -22"><span class='ocrx_word' id='word_1_171' title='bbox 368 2351 435 2410; x_wconf 82' lang='lat'>317.</span> <span class='ocrx_word' id='word_1_172' title='bbox 478 2349 634 2409; x_wconf 64' lang='lat' dir='ltr'>lit-Per</span> <span class='ocrx_word' id='word_1_173' title='bbox 648 2370 676 2410; x_wconf 81' lang='lat' dir='ltr'>oe</span> <span class='ocrx_word' id='word_1_174' title='bbox 689 2357 774 2409; x_wconf 75' lang='lat' dir='ltr'>notos</span> <span class='ocrx_word' id='word_1_175' title='bbox 787 2350 929 2410; x_wconf 79' lang='lat' dir='ltr'>dicuntur</span> <span class='ocrx_word' id='word_1_176' title='bbox 951 2352 1165 2430; x_wconf 74' lang='lat' dir='ltr'>propositiones</span> <span class='ocrx_word' id='word_1_177' title='bbox 1178 2351 1259 2423; x_wconf 81' lang='lat' dir='ltr'>illae,</span> <span class='ocrx_word' id='word_1_178' title='bbox 1274 2352 1304 2410; x_wconf 92' lang='lat' dir='ltr'>in</span> <span class='ocrx_word' id='word_1_179' title='bbox 1319 2351 1427 2430; x_wconf 74' lang='lat' dir='ltr'>quibus</span> 
     </span>
     <span class='ocr_line' id='line_1_21' title="bbox 330 2447 1425 2534; baseline 0 -28"><span class='ocrx_word' id='word_1_180' title='bbox 330 2447 593 2534; x_wconf 77' lang='lat' dir='ltr'>praedicatumest</span> <span class='ocrx_word' id='word_1_181' title='bbox 606 2447 643 2506; x_wconf 88' lang='lat' dir='ltr'>de</span> <span class='ocrx_word' id='word_1_182' title='bbox 657 2447 824 2526; x_wconf 74' lang='lat' dir='ltr'>dqtm&#39;tiono</span> <span class='ocrx_word' id='word_1_183' title='bbox 843 2448 977 2526; x_wconf 85' lang='lat' dir='ltr'>subjecti,</span> <span class='ocrx_word' id='word_1_184' title='bbox 993 2448 1040 2507; x_wconf 82' lang='lat' dir='ltr'>vel</span> <span class='ocrx_word' id='word_1_185' title='bbox 1055 2456 1192 2508; x_wconf 68' lang='lat' dir='ltr'>canuntur</span> <span class='ocrx_word' id='word_1_186' title='bbox 1205 2448 1379 2508; x_wconf 77' lang='lat' dir='ltr'>immediate</span> <span class='ocrx_word' id='word_1_187' title='bbox 1392 2471 1425 2506; x_wconf 73' lang='lat' dir='ltr'>rr</span> 
     </span>
     <span class='ocr_line' id='line_1_22' title="bbox 322 2543 1424 2623; baseline 0 -21"><span class='ocrx_word' id='word_1_188' title='bbox 322 2545 480 2622; x_wconf 70' lang='lat' dir='ltr'>primipiis</span> <span class='ocrx_word' id='word_1_189' title='bbox 500 2543 632 2623; x_wconf 81' lang='lat' dir='ltr'>subjecti.</span> <span class='ocrx_word' id='word_1_190' title='bbox 675 2544 731 2604; x_wconf 86' lang='lat' dir='ltr'>Est</span> <span class='ocrx_word' id='word_1_191' title='bbox 745 2553 844 2604; x_wconf 83' lang='lat' dir='ltr'>tamen</span> <span class='ocrx_word' id='word_1_192' title='bbox 866 2543 1114 2604; x_wconf 76' lang='lat' dir='ltr'>considerandum</span> <span class='ocrx_word' id='word_1_193' title='bbox 1130 2554 1164 2604; x_wconf 92' lang='lat' dir='ltr'>ut</span> <span class='ocrx_word' id='word_1_194' title='bbox 1177 2546 1221 2604; x_wconf 80' lang='lat' dir='ltr'>ait</span> <span class='ocrx_word' id='word_1_195' title='bbox 1234 2544 1263 2605; x_wconf 81' lang='lat' dir='ltr'>S.</span> <span class='ocrx_word' id='word_1_196' title='bbox 1279 2543 1424 2606; x_wconf 72' lang='lat' dir='ltr'>Thomas:</span> 
     </span>
     <span class='ocr_line' id='line_1_23' title="bbox 327 2640 1425 2720; baseline 0.001 -20"><span class='ocrx_word' id='word_1_197' title='bbox 327 2643 424 2720; x_wconf 85' lang='lat' dir='ltr'>“quod</span> <span class='ocrx_word' id='word_1_198' title='bbox 439 2642 586 2719; x_wconf 80' lang='lat' dir='ltr'>contingit</span> <span class='ocrx_word' id='word_1_199' title='bbox 606 2641 721 2719; x_wconf 78' lang='lat' dir='ltr'>aliquid</span> <span class='ocrx_word' id='word_1_200' title='bbox 735 2661 796 2700; x_wconf 88' lang='lat' dir='ltr'>esse</span> <span class='ocrx_word' id='word_1_201' title='bbox 813 2663 869 2720; x_wconf 85' lang='lat' dir='ltr'>per</span> <span class='ocrx_word' id='word_1_202' title='bbox 882 2663 912 2700; x_wconf 81' lang='lat' dir='ltr'>so</span> <span class='ocrx_word' id='word_1_203' title='bbox 925 2652 1029 2702; x_wconf 90' lang='lat' dir='ltr'>notum</span> <span class='ocrx_word' id='word_1_204' title='bbox 1047 2640 1209 2719; x_wconf 75' lang='lat' dir='ltr'>dupliniter.</span> <span class='ocrx_word' id='word_1_205' title='bbox 1252 2641 1323 2702; x_wconf 93' lang='lat' dir='ltr'>Uno</span> <span class='ocrx_word' id='word_1_206' title='bbox 1339 2641 1425 2702; x_wconf 88' lang='lat' dir='ltr'>modo</span> 
     </span>
     <span class='ocr_line' id='line_1_24' title="bbox 324 2737 1425 2818; baseline -0.003 -21"><span class='ocrx_word' id='word_1_207' title='bbox 324 2739 479 2799; x_wconf 70' lang='lat' dir='ltr'>secundum</span> <span class='ocrx_word' id='word_1_208' title='bbox 493 2760 522 2798; x_wconf 81' lang='lat' dir='ltr'>se</span> <span class='ocrx_word' id='word_1_209' title='bbox 534 2749 564 2798; x_wconf 84' lang='lat' dir='ltr'>et</span> <span class='ocrx_word' id='word_1_210' title='bbox 578 2759 636 2799; x_wconf 93' lang='lat' dir='ltr'>non</span> <span class='ocrx_word' id='word_1_211' title='bbox 660 2738 755 2818; x_wconf 77' lang='lat' dir='ltr'>quoad</span> <span class='ocrx_word' id='word_1_212' title='bbox 778 2759 846 2798; x_wconf 77' lang='lat' dir='ltr'>nos:</span> <span class='ocrx_word' id='word_1_213' title='bbox 867 2737 929 2797; x_wconf 81' lang='lat' dir='ltr'>alio</span> <span class='ocrx_word' id='word_1_214' title='bbox 951 2738 1038 2798; x_wconf 90' lang='lat' dir='ltr'>modo</span> <span class='ocrx_word' id='word_1_215' title='bbox 1059 2737 1215 2798; x_wconf 70' lang='lat' dir='ltr'>mortridum</span> <span class='ocrx_word' id='word_1_216' title='bbox 1229 2759 1267 2810; x_wconf 78' lang='lat' dir='ltr'>oe,</span> <span class='ocrx_word' id='word_1_217' title='bbox 1281 2752 1311 2798; x_wconf 88' lang='lat' dir='ltr'>et</span> <span class='ocrx_word' id='word_1_218' title='bbox 1332 2739 1425 2818; x_wconf 70' lang='lat' dir='ltr'>quom?</span> 
     </span>
    </p>
   </div>
   <div class='ocr_carea' id='block_1_13' title="bbox 326 2831 1426 2914">
    <p class='ocr_par' dir='ltr' id='par_1_14' title="bbox 326 2831 1534 2934">
     <span class='ocr_line' id='line_1_25' title="bbox 326 2831 1426 2914; baseline -0.002 -19"><span class='ocrx_word' id='word_1_219' title='bbox 326 2835 474 2895; x_wconf 68' lang='lat' dir='ltr'>nos-Ex</span> <span class='ocrx_word' id='word_1_220' title='bbox 492 2835 547 2895; x_wconf 90' lang='lat' dir='ltr'>hoo</span> <span class='ocrx_word' id='word_1_221' title='bbox 561 2835 639 2896; x_wconf 89' lang='lat' dir='ltr'>enim</span> <span class='ocrx_word' id='word_1_222' title='bbox 656 2834 757 2914; x_wconf 81' lang='lat' dir='ltr'>aliquo</span> <span class='ocrx_word' id='word_1_223' title='bbox 773 2831 935 2914; x_wconf 75' lang='lat' dir='ltr'>propositio</span> <span class='ocrx_word' id='word_1_224' title='bbox 950 2846 994 2895; x_wconf 87' lang='lat' dir='ltr'>est</span> <span class='ocrx_word' id='word_1_225' title='bbox 1003 2857 1059 2913; x_wconf 73' lang='lat' dir='ltr'>prr</span> <span class='ocrx_word' id='word_1_226' title='bbox 1071 2858 1100 2895; x_wconf 75' lang='lat' dir='ltr'>se</span> <span class='ocrx_word' id='word_1_227' title='bbox 1115 2851 1195 2908; x_wconf 81' lang='lat' dir='ltr'>noto,</span> <span class='ocrx_word' id='word_1_228' title='bbox 1209 2836 1289 2912; x_wconf 92' lang='lat' dir='ltr'>quod</span> <span class='ocrx_word' id='word_1_229' title='bbox 1313 2835 1426 2914; x_wconf 80' lang='lat' dir='ltr'>praedi-</span> 
     </span>
    </p>
   </div>
   <div class='ocr_carea' id='block_1_14' title="bbox 324 2930 1426 3397">
    <p class='ocr_par' dir='ltr' id='par_1_15' title="bbox 324 2930 1426 3397">
     <span class='ocr_line' id='line_1_26' title="bbox 325 2930 1423 3009; baseline 0.002 -19"><span class='ocrx_word' id='word_1_230' title='bbox 325 2945 425 2991; x_wconf 86' lang='lat' dir='ltr'>ontmn</span> <span class='ocrx_word' id='word_1_231' title='bbox 439 2930 604 2991; x_wconf 80' lang='lat' dir='ltr'>includitur</span> <span class='ocrx_word' id='word_1_232' title='bbox 618 2933 652 2990; x_wconf 81' lang='lat' dir='ltr'>in</span> <span class='ocrx_word' id='word_1_233' title='bbox 663 2931 777 2990; x_wconf 79' lang='lat' dir='ltr'>ratione</span> <span class='ocrx_word' id='word_1_234' title='bbox 791 2931 918 3009; x_wconf 75' lang='lat' dir='ltr'>ntbjroti,</span> <span class='ocrx_word' id='word_1_235' title='bbox 935 2943 986 2992; x_wconf 91' lang='lat' dir='ltr'>ut:</span> <span class='ocrx_word' id='word_1_236' title='bbox 1002 2931 1109 2990; x_wconf 88' lang='lat' dir='ltr'>“homo</span> <span class='ocrx_word' id='word_1_237' title='bbox 1124 2943 1168 2991; x_wconf 85' lang='lat' dir='ltr'>est</span> <span class='ocrx_word' id='word_1_238' title='bbox 1181 2931 1296 2992; x_wconf 80' lang='lat' dir='ltr'>animal</span> <span class='ocrx_word' id='word_1_239' title='bbox 1308 2932 1334 3002; x_wconf 86' lang='lat'>;&#39;’</span> <span class='ocrx_word' id='word_1_240' title='bbox 1356 2952 1423 2992; x_wconf 82' lang='lat' dir='ltr'>nam</span> 
     </span>
     <span class='ocr_line' id='line_1_27' title="bbox 325 3027 1426 3106; baseline 0.005 -24"><span class='ocrx_word' id='word_1_241' title='bbox 325 3030 438 3088; x_wconf 82' lang='lat' dir='ltr'>mu‘mol</span> <span class='ocrx_word' id='word_1_242' title='bbox 449 3039 492 3088; x_wconf 87' lang='lat' dir='ltr'>est</span> <span class='ocrx_word' id='word_1_243' title='bbox 514 3028 550 3088; x_wconf 79' lang='lat' dir='ltr'>de</span> <span class='ocrx_word' id='word_1_244' title='bbox 571 3031 683 3088; x_wconf 80' lang='lat' dir='ltr'>ratione</span> <span class='ocrx_word' id='word_1_245' title='bbox 704 3027 835 3088; x_wconf 81' lang='lat' dir='ltr'>dominis.</span> <span class='ocrx_word' id='word_1_246' title='bbox 877 3028 907 3089; x_wconf 86' lang='lat' dir='ltr'>Si</span> <span class='ocrx_word' id='word_1_247' title='bbox 929 3029 1024 3106; x_wconf 82' lang='lat' dir='ltr'>igitur</span> <span class='ocrx_word' id='word_1_248' title='bbox 1046 3039 1149 3090; x_wconf 86' lang='lat' dir='ltr'>notum</span> <span class='ocrx_word' id='word_1_249' title='bbox 1171 3029 1210 3090; x_wconf 80' lang='lat' dir='ltr'>rit</span> <span class='ocrx_word' id='word_1_250' title='bbox 1230 3029 1369 3090; x_wconf 88' lang='lat' dir='ltr'>omnibus</span> <span class='ocrx_word' id='word_1_251' title='bbox 1389 3031 1426 3089; x_wconf 78' lang='lat' dir='ltr'>de</span> 
     </span>
     <span class='ocr_line' id='line_1_28' title="bbox 325 3125 1423 3205; baseline 0.004 -23"><span class='ocrx_word' id='word_1_252' title='bbox 325 3125 496 3202; x_wconf 75' lang='lat' dir='ltr'>praedicato</span> <span class='ocrx_word' id='word_1_253' title='bbox 510 3135 540 3184; x_wconf 91' lang='lat' dir='ltr'>et</span> <span class='ocrx_word' id='word_1_254' title='bbox 554 3125 591 3184; x_wconf 87' lang='lat' dir='ltr'>de</span> <span class='ocrx_word' id='word_1_255' title='bbox 604 3125 746 3204; x_wconf 86' lang='lat' dir='ltr'>subjecto,</span> <span class='ocrx_word' id='word_1_256' title='bbox 760 3126 832 3205; x_wconf 83' lang='lat' dir='ltr'>qnid</span> <span class='ocrx_word' id='word_1_257' title='bbox 851 3129 896 3198; x_wconf 79' lang='lat' dir='ltr'>sit,</span> <span class='ocrx_word' id='word_1_258' title='bbox 911 3127 1073 3204; x_wconf 85' lang='lat' dir='ltr'>propositio</span> <span class='ocrx_word' id='word_1_259' title='bbox 1087 3126 1142 3186; x_wconf 79' lang='lat' dir='ltr'>illa</span> <span class='ocrx_word' id='word_1_260' title='bbox 1155 3127 1213 3187; x_wconf 84' lang='lat' dir='ltr'>orit</span> <span class='ocrx_word' id='word_1_261' title='bbox 1227 3129 1360 3188; x_wconf 75' lang='lat' dir='ltr'>omnilm</span> <span class='ocrx_word' id='word_1_262' title='bbox 1368 3150 1423 3205; x_wconf 70' lang='lat' dir='ltr'>prr</span> 
     </span>
     <span class='ocr_line' id='line_1_29' title="bbox 324 3223 1422 3303; baseline 0.004 -25"><span class='ocrx_word' id='word_1_263' title='bbox 324 3245 352 3281; x_wconf 74' lang='lat' dir='ltr'>re</span> <span class='ocrx_word' id='word_1_264' title='bbox 367 3230 452 3292; x_wconf 82' lang='lat' dir='ltr'>rmto;</span> <span class='ocrx_word' id='word_1_265' title='bbox 473 3223 550 3283; x_wconf 80' lang='lat' dir='ltr'>siout</span> <span class='ocrx_word' id='word_1_266' title='bbox 564 3234 646 3302; x_wconf 77' lang='lat' dir='ltr'>petet</span> <span class='ocrx_word' id='word_1_267' title='bbox 661 3223 691 3282; x_wconf 91' lang='lat' dir='ltr'>iu</span> <span class='ocrx_word' id='word_1_268' title='bbox 706 3224 810 3301; x_wconf 88' lang='lat' dir='ltr'>primis</span> <span class='ocrx_word' id='word_1_269' title='bbox 820 3223 1106 3283; x_wconf 82' lang='lat' dir='ltr'>demonstrationum</span> <span class='ocrx_word' id='word_1_270' title='bbox 1123 3224 1286 3303; x_wconf 86' lang='lat' dir='ltr'>principiis,</span> <span class='ocrx_word' id='word_1_271' title='bbox 1296 3245 1422 3302; x_wconf 88' lang='lat' dir='ltr'>qnorum</span> 
     </span>
     <span class='ocr_line' id='line_1_30' title="bbox 324 3319 1420 3397; baseline 0.002 -21"><span class='ocrx_word' id='word_1_272' title='bbox 324 3319 442 3377; x_wconf 86' lang='lat' dir='ltr'>termini</span> <span class='ocrx_word' id='word_1_273' title='bbox 457 3331 527 3378; x_wconf 83' lang='lat' dir='ltr'>suut</span> <span class='ocrx_word' id='word_1_274' title='bbox 548 3319 694 3397; x_wconf 80' lang='lat' dir='ltr'>quaedam</span> <span class='ocrx_word' id='word_1_275' title='bbox 718 3320 897 3391; x_wconf 80' lang='lat' dir='ltr'>communio,</span> <span class='ocrx_word' id='word_1_276' title='bbox 912 3339 990 3397; x_wconf 76' lang='lat' dir='ltr'>quoe</span> <span class='ocrx_word' id='word_1_277' title='bbox 1005 3319 1105 3379; x_wconf 89' lang='lat' dir='ltr'>nullus</span> <span class='ocrx_word' id='word_1_278' title='bbox 1126 3319 1253 3397; x_wconf 76' lang='lat' dir='ltr'>ignorat,</span> <span class='ocrx_word' id='word_1_279' title='bbox 1270 3333 1303 3379; x_wconf 88' lang='lat' dir='ltr'>ut</span> <span class='ocrx_word' id='word_1_280' title='bbox 1317 3319 1381 3378; x_wconf 74' lang='lat' dir='ltr'>Eur</span> <span class='ocrx_word' id='word_1_281' title='bbox 1395 3333 1420 3378; x_wconf 80' lang='lat' dir='ltr'>et</span> 
     </span>
    </p>
   </div>
   <div class='ocr_carea' id='block_1_15' title="bbox 324 3413 1534 3494">
    <p class='ocr_par' dir='ltr' id='par_1_16' title="bbox 324 3413 1534 3494">
     <span class='ocr_line' id='line_1_31' title="bbox 324 3413 1534 3494; baseline 0 -22"><span class='ocrx_word' id='word_1_282' title='bbox 324 3437 378 3473; x_wconf 80' lang='lat' dir='ltr'>non</span> <span class='ocrx_word' id='word_1_283' title='bbox 398 3415 467 3478; x_wconf 75' lang='lat' dir='ltr'>Em.</span> <span class='ocrx_word' id='word_1_284' title='bbox 485 3415 582 3474; x_wconf 77' lang='lat' dir='ltr'>Potum</span> <span class='ocrx_word' id='word_1_285' title='bbox 597 3423 627 3474; x_wconf 89' lang='lat' dir='ltr'>et</span> <span class='ocrx_word' id='word_1_286' title='bbox 635 3435 719 3492; x_wconf 77' lang='lat' dir='ltr'>porr,</span> <span class='ocrx_word' id='word_1_287' title='bbox 730 3425 760 3474; x_wconf 90' lang='lat' dir='ltr'>et</span> <span class='ocrx_word' id='word_1_288' title='bbox 773 3414 965 3474; x_wconf 75' lang='lat' dir='ltr'>similitu—Si</span> <span class='ocrx_word' id='word_1_289' title='bbox 977 3426 1077 3475; x_wconf 83' lang='lat' dir='ltr'>nutem</span> <span class='ocrx_word' id='word_1_290' title='bbox 1093 3415 1173 3494; x_wconf 86' lang='lat' dir='ltr'>apud</span> <span class='ocrx_word' id='word_1_291' title='bbox 1189 3413 1305 3493; x_wconf 79' lang='lat' dir='ltr'>aliquos</span> <span class='ocrx_word' id='word_1_292' title='bbox 1320 3425 1421 3475; x_wconf 88' lang='lat' dir='ltr'>notum</span> <span class='ocrx_word' id='word_1_293' title='bbox 1533 3455 1534 3460; x_wconf 19' lang='grc' dir='ltr'><strong>κ</strong></span> 
     </span>
    </p>
   </div>
   <div class='ocr_carea' id='block_1_16' title="bbox 320 3511 1474 4366">
    <p class='ocr_par' dir='ltr' id='par_1_17' title="bbox 320 3511 1474 4366">
     <span class='ocr_line' id='line_1_32' title="bbox 322 3511 1474 3600; baseline 0 -30"><span class='ocrx_word' id='word_1_294' title='bbox 322 3532 380 3570; x_wconf 92' lang='lat' dir='ltr'>uon</span> <span class='ocrx_word' id='word_1_295' title='bbox 402 3511 440 3570; x_wconf 83' lang='lat' dir='ltr'>sit</span> <span class='ocrx_word' id='word_1_296' title='bbox 461 3511 497 3570; x_wconf 89' lang='lat' dir='ltr'>de</span> <span class='ocrx_word' id='word_1_297' title='bbox 526 3511 697 3589; x_wconf 77' lang='lat' dir='ltr'>praedicato</span> <span class='ocrx_word' id='word_1_298' title='bbox 724 3521 753 3570; x_wconf 81' lang='lat' dir='ltr'>ot</span> <span class='ocrx_word' id='word_1_299' title='bbox 780 3511 912 3590; x_wconf 81' lang='lat' dir='ltr'>subjecto</span> <span class='ocrx_word' id='word_1_300' title='bbox 936 3511 1008 3591; x_wconf 79' lang='lat' dir='ltr'>quid</span> <span class='ocrx_word' id='word_1_301' title='bbox 1029 3515 1086 3572; x_wconf 75' lang='lat' dir='ltr'>sit:</span> <span class='ocrx_word' id='word_1_302' title='bbox 1109 3511 1270 3591; x_wconf 87' lang='lat' dir='ltr'>pmpositio</span> <span class='ocrx_word' id='word_1_303' title='bbox 1292 3511 1421 3590; x_wconf 83' lang='lat' dir='ltr'>quidem.</span> <span class='ocrx_word' id='word_1_304' title='bbox 1467 3588 1474 3600; x_wconf 41' lang='lat'><strong>·</strong></span> 
     </span>
     <span class='ocr_line' id='line_1_33' title="bbox 321 3607 1418 3688; baseline 0.002 -22"><span class='ocrx_word' id='word_1_305' title='bbox 321 3617 467 3686; x_wconf 85' lang='lat' dir='ltr'>quantum</span> <span class='ocrx_word' id='word_1_306' title='bbox 493 3609 526 3666; x_wconf 76' lang='lat' dir='ltr'>in</span> <span class='ocrx_word' id='word_1_307' title='bbox 540 3627 568 3666; x_wconf 70' lang='lat' dir='ltr'>se</span> <span class='ocrx_word' id='word_1_308' title='bbox 592 3617 644 3678; x_wconf 89' lang='lat' dir='ltr'>est,</span> <span class='ocrx_word' id='word_1_309' title='bbox 659 3607 716 3666; x_wconf 89' lang='lat' dir='ltr'>erit</span> <span class='ocrx_word' id='word_1_310' title='bbox 741 3627 794 3684; x_wconf 80' lang='lat' dir='ltr'>por</span> <span class='ocrx_word' id='word_1_311' title='bbox 817 3628 846 3667; x_wconf 79' lang='lat' dir='ltr'>se</span> <span class='ocrx_word' id='word_1_312' title='bbox 869 3615 947 3680; x_wconf 85' lang='lat' dir='ltr'>noto,</span> <span class='ocrx_word' id='word_1_313' title='bbox 962 3628 1021 3668; x_wconf 91' lang='lat' dir='ltr'>non</span> <span class='ocrx_word' id='word_1_314' title='bbox 1047 3618 1146 3670; x_wconf 83' lang='lat' dir='ltr'>tamen</span> <span class='ocrx_word' id='word_1_315' title='bbox 1172 3609 1255 3687; x_wconf 73' lang='lat' dir='ltr'>apttd</span> <span class='ocrx_word' id='word_1_316' title='bbox 1269 3609 1354 3680; x_wconf 62' lang='lat' dir='ltr'>&#39;illos</span> <span class='ocrx_word' id='word_1_317' title='bbox 1368 3611 1418 3688; x_wconf 92' lang='lat' dir='ltr'>qui</span> 
     </span>
     <span class='ocr_line' id='line_1_34' title="bbox 326 3704 1419 3784; baseline 0 -20"><span class='ocrx_word' id='word_1_318' title='bbox 326 3705 539 3784; x_wconf 63' lang='lat' dir='ltr'>maedianum,</span> <span class='ocrx_word' id='word_1_319' title='bbox 553 3714 607 3764; x_wconf 79' lang='lat' dir='ltr'>aut</span> <span class='ocrx_word' id='word_1_320' title='bbox 620 3704 786 3782; x_wconf 79' lang='lat' dir='ltr'>subjeetum</span> <span class='ocrx_word' id='word_1_321' title='bbox 802 3705 1011 3783; x_wconf 85' lang='lat' dir='ltr'>propositionis</span> <span class='ocrx_word' id='word_1_322' title='bbox 1025 3707 1172 3783; x_wconf 79' lang='lat' dir='ltr'>ignorant</span> <span class='ocrx_word' id='word_1_323' title='bbox 1188 3751 1194 3766; x_wconf 91' lang='lat'>.</span> <span class='ocrx_word' id='word_1_324' title='bbox 1210 3753 1217 3764; x_wconf 90' lang='lat'>.</span> <span class='ocrx_word' id='word_1_325' title='bbox 1233 3752 1239 3765; x_wconf 90' lang='lat'>.</span> <span class='ocrx_word' id='word_1_326' title='bbox 1256 3751 1262 3764; x_wconf 93' lang='lat'>.</span> <span class='ocrx_word' id='word_1_327' title='bbox 1284 3704 1334 3765; x_wconf 84' lang='lat' dir='ltr'>Sic</span> <span class='ocrx_word' id='word_1_328' title='bbox 1349 3726 1376 3765; x_wconf 90' lang='lat' dir='ltr'>v.</span> <span class='ocrx_word' id='word_1_329' title='bbox 1391 3729 1419 3780; x_wconf 68' lang='lat' dir='ltr'>n.</span> 
     </span>
     <span class='ocr_line' id='line_1_35' title="bbox 322 3801 1419 3880; baseline 0.002 -20"><span class='ocrx_word' id='word_1_330' title='bbox 322 3801 396 3860; x_wconf 83' lang='lat' dir='ltr'>haeo</span> <span class='ocrx_word' id='word_1_331' title='bbox 411 3801 581 3880; x_wconf 86' lang='lat' dir='ltr'>propositi0‚</span> <span class='ocrx_word' id='word_1_332' title='bbox 594 3801 674 3860; x_wconf 80' lang='lat' dir='ltr'>Deus</span> <span class='ocrx_word' id='word_1_333' title='bbox 688 3808 726 3860; x_wconf 75' lang='lat' dir='ltr'>est</span> <span class='ocrx_word' id='word_1_334' title='bbox 742 3801 833 3878; x_wconf 78' lang='lat' dir='ltr'>(quoe</span> <span class='ocrx_word' id='word_1_335' title='bbox 843 3801 1014 3880; x_wconf 76' lang='lat' dir='ltr'>aequivalet</span> <span class='ocrx_word' id='word_1_336' title='bbox 1027 3802 1114 3862; x_wconf 86' lang='lat' dir='ltr'>huie:</span> <span class='ocrx_word' id='word_1_337' title='bbox 1130 3801 1214 3861; x_wconf 84' lang='lat' dir='ltr'>“Ens</span> <span class='ocrx_word' id='word_1_338' title='bbox 1225 3804 1419 3863; x_wconf 64' lang='lat' dir='ltr'>necessarium</span> 
     </span>
     <span class='ocr_line' id='line_1_36' title="bbox 320 3897 1419 3976; baseline -0.002 -18"><span class='ocrx_word' id='word_1_339' title='bbox 320 3911 363 3958; x_wconf 88' lang='lat' dir='ltr'>est</span> <span class='ocrx_word' id='word_1_340' title='bbox 376 3898 548 3974; x_wconf 85' lang='lat' dir='ltr'>existens’&#39;),</span> <span class='ocrx_word' id='word_1_341' title='bbox 559 3907 705 3976; x_wconf 76' lang='lat' dir='ltr'>quantum</span> <span class='ocrx_word' id='word_1_342' title='bbox 722 3900 753 3956; x_wconf 83' lang='lat' dir='ltr'>in</span> <span class='ocrx_word' id='word_1_343' title='bbox 767 3919 795 3956; x_wconf 74' lang='lat' dir='ltr'>ne</span> <span class='ocrx_word' id='word_1_344' title='bbox 806 3907 858 3970; x_wconf 85' lang='lat' dir='ltr'>est,</span> <span class='ocrx_word' id='word_1_345' title='bbox 868 3919 924 3975; x_wconf 84' lang='lat' dir='ltr'>per</span> <span class='ocrx_word' id='word_1_346' title='bbox 934 3920 962 3958; x_wconf 75' lang='lat' dir='ltr'>oo</span> <span class='ocrx_word' id='word_1_347' title='bbox 971 3911 1042 3958; x_wconf 79' lang='lat' dir='ltr'>noto</span> <span class='ocrx_word' id='word_1_348' title='bbox 1052 3908 1114 3958; x_wconf 76' lang='lat' dir='ltr'>est:</span> <span class='ocrx_word' id='word_1_349' title='bbox 1129 3897 1201 3976; x_wconf 85' lang='lat' dir='ltr'>quia</span> <span class='ocrx_word' id='word_1_350' title='bbox 1215 3898 1419 3976; x_wconf 74' lang='lat' dir='ltr'>praedicatum</span> 
     </span>
     <span class='ocr_line' id='line_1_37' title="bbox 320 3993 1420 4075; baseline 0.002 -21"><span class='ocrx_word' id='word_1_351' title='bbox 320 4007 363 4055; x_wconf 82' lang='lat' dir='ltr'>est</span> <span class='ocrx_word' id='word_1_352' title='bbox 379 3995 455 4054; x_wconf 86' lang='lat' dir='ltr'>idern</span> <span class='ocrx_word' id='word_1_353' title='bbox 472 4015 538 4054; x_wconf 81' lang='lat' dir='ltr'>oum</span> <span class='ocrx_word' id='word_1_354' title='bbox 561 3993 709 4072; x_wconf 82' lang='lat' dir='ltr'>subjecto:</span> <span class='ocrx_word' id='word_1_355' title='bbox 732 3993 814 4054; x_wconf 86' lang='lat' dir='ltr'>Deus</span> <span class='ocrx_word' id='word_1_356' title='bbox 835 3997 912 4054; x_wconf 87' lang='lat' dir='ltr'>enim</span> <span class='ocrx_word' id='word_1_357' title='bbox 929 4005 973 4056; x_wconf 75' lang='lat' dir='ltr'>ost</span> <span class='ocrx_word' id='word_1_358' title='bbox 985 4017 1069 4055; x_wconf 76' lang='lat' dir='ltr'>suum</span> <span class='ocrx_word' id='word_1_359' title='bbox 1084 4016 1140 4056; x_wconf 72' lang='lat' dir='ltr'>ene</span> <span class='ocrx_word' id='word_1_360' title='bbox 1142 4043 1262 4056; x_wconf 91' lang='grc'>......</span> <span class='ocrx_word' id='word_1_361' title='bbox 1277 3995 1335 4056; x_wconf 86' lang='lat' dir='ltr'>Sed</span> <span class='ocrx_word' id='word_1_362' title='bbox 1351 3999 1420 4075; x_wconf 83' lang='lat' dir='ltr'>quis</span> 
     </span>
     <span class='ocr_line' id='line_1_38' title="bbox 320 4091 1419 4171; baseline 0.003 -21"><span class='ocrx_word' id='word_1_363' title='bbox 320 4113 372 4150; x_wconf 82' lang='lat' dir='ltr'>uos</span> <span class='ocrx_word' id='word_1_364' title='bbox 387 4113 444 4150; x_wconf 90' lang='lat' dir='ltr'>uon</span> <span class='ocrx_word' id='word_1_365' title='bbox 470 4092 578 4151; x_wconf 78' lang='lat' dir='ltr'>scimus</span> <span class='ocrx_word' id='word_1_366' title='bbox 593 4092 630 4150; x_wconf 91' lang='lat' dir='ltr'>de</span> <span class='ocrx_word' id='word_1_367' title='bbox 655 4091 721 4152; x_wconf 84' lang='lat' dir='ltr'>Deo</span> <span class='ocrx_word' id='word_1_368' title='bbox 746 4093 880 4171; x_wconf 70' lang='lat' dir='ltr'>quidest,</span> <span class='ocrx_word' id='word_1_369' title='bbox 896 4113 953 4152; x_wconf 90' lang='lat' dir='ltr'>non</span> <span class='ocrx_word' id='word_1_370' title='bbox 979 4103 1023 4152; x_wconf 90' lang='lat' dir='ltr'>est</span> <span class='ocrx_word' id='word_1_371' title='bbox 1047 4091 1132 4152; x_wconf 85' lang='lat' dir='ltr'>nobis</span> <span class='ocrx_word' id='word_1_372' title='bbox 1151 4113 1250 4171; x_wconf 74' lang='lat' dir='ltr'>perso</span> <span class='ocrx_word' id='word_1_373' title='bbox 1274 4107 1355 4160; x_wconf 80' lang='lat' dir='ltr'>noto.</span> <span class='ocrx_word' id='word_1_374' title='bbox 1371 4093 1419 4153; x_wconf 78' lang='lat' dir='ltr'>sed</span> 
     </span>
     <span class='ocr_line' id='line_1_39' title="bbox 320 4188 1418 4268; baseline 0.002 -22"><span class='ocrx_word' id='word_1_375' title='bbox 320 4188 434 4266; x_wconf 84' lang='lat' dir='ltr'>indiget</span> <span class='ocrx_word' id='word_1_376' title='bbox 454 4189 651 4248; x_wconf 79' lang='lat' dir='ltr'>demonstrari</span> <span class='ocrx_word' id='word_1_377' title='bbox 674 4209 725 4266; x_wconf 86' lang='lat' dir='ltr'>per</span> <span class='ocrx_word' id='word_1_378' title='bbox 746 4209 790 4260; x_wconf 81' lang='lat' dir='ltr'>en,</span> <span class='ocrx_word' id='word_1_379' title='bbox 811 4209 888 4266; x_wconf 80' lang='lat' dir='ltr'>quae</span> <span class='ocrx_word' id='word_1_380' title='bbox 908 4198 978 4248; x_wconf 88' lang='lat' dir='ltr'>sunt</span> <span class='ocrx_word' id='word_1_381' title='bbox 999 4189 1094 4268; x_wconf 80' lang='lat' dir='ltr'>magis</span> <span class='ocrx_word' id='word_1_382' title='bbox 1115 4199 1186 4249; x_wconf 83' lang='lat' dir='ltr'>nota</span> <span class='ocrx_word' id='word_1_383' title='bbox 1200 4189 1297 4268; x_wconf 70' lang='lat' dir='ltr'>qrrood</span> <span class='ocrx_word' id='word_1_384' title='bbox 1318 4211 1377 4253; x_wconf 73' lang='lat' dir='ltr'>nos.</span> <span class='ocrx_word' id='word_1_385' title='bbox 1391 4203 1418 4248; x_wconf 72' lang='lat' dir='ltr'>st</span> 
     </span>
     <span class='ocr_line' id='line_1_40' title="bbox 320 4283 1418 4366; baseline 0.004 -24"><span class='ocrx_word' id='word_1_386' title='bbox 320 4285 418 4343; x_wconf 89' lang='lat' dir='ltr'>minus</span> <span class='ocrx_word' id='word_1_387' title='bbox 439 4295 511 4344; x_wconf 79' lang='lat' dir='ltr'>noto</span> <span class='ocrx_word' id='word_1_388' title='bbox 531 4283 627 4364; x_wconf 81' lang='lat' dir='ltr'>quood</span> <span class='ocrx_word' id='word_1_389' title='bbox 647 4291 792 4356; x_wconf 79' lang='lat' dir='ltr'>naturum,</span> <span class='ocrx_word' id='word_1_390' title='bbox 806 4307 855 4344; x_wconf 88' lang='lat' dir='ltr'>so:</span> <span class='ocrx_word' id='word_1_391' title='bbox 878 4305 931 4362; x_wconf 86' lang='lat' dir='ltr'>per</span> <span class='ocrx_word' id='word_1_392' title='bbox 951 4285 1098 4346; x_wconf 81' lang='lat' dir='ltr'>effeetus.”</span> <span class='ocrx_word' id='word_1_393' title='bbox 1139 4285 1167 4348; x_wconf 81' lang='lat' dir='ltr'>S.</span> <span class='ocrx_word' id='word_1_394' title='bbox 1185 4285 1239 4346; x_wconf 78' lang='lat' dir='ltr'>Th.</span> <span class='ocrx_word' id='word_1_395' title='bbox 1264 4290 1290 4346; x_wconf 90' lang='lat'>1.</span> <span class='ocrx_word' id='word_1_396' title='bbox 1305 4307 1333 4366; x_wconf 91' lang='lat' dir='ltr'>p.</span> <span class='ocrx_word' id='word_1_397' title='bbox 1349 4309 1376 4365; x_wconf 89' lang='lat' dir='ltr'>q.</span> <span class='ocrx_word' id='word_1_398' title='bbox 1392 4289 1418 4346; x_wconf 77' lang='lat'>2.</span> 
     </span>
    </p>
   </div>
   <div class='ocr_carea' id='block_1_17' title="bbox 318 4380 1175 4460">
    <p class='ocr_par' dir='ltr' id='par_1_18' title="bbox 318 4380 1175 4460">
     <span class='ocr_line' id='line_1_41' title="bbox 318 4380 1175 4460; baseline -0.001 -18"><span class='ocrx_word' id='word_1_399' title='bbox 318 4401 344 4442; x_wconf 83' lang='lat' dir='ltr'>u.</span> <span class='ocrx_word' id='word_1_400' title='bbox 362 4381 474 4441; x_wconf 68' lang='lat' dir='ltr'>1.-0f.</span> <span class='ocrx_word' id='word_1_401' title='bbox 489 4381 579 4442; x_wconf 81' lang='lat' dir='ltr'>etium</span> <span class='ocrx_word' id='word_1_402' title='bbox 594 4380 651 4460; x_wconf 90' lang='lat' dir='ltr'>Op.</span> <span class='ocrx_word' id='word_1_403' title='bbox 668 4383 715 4440; x_wconf 88' lang='lat'>44.</span> <span class='ocrx_word' id='word_1_404' title='bbox 731 4381 749 4440; x_wconf 91' lang='lat' dir='ltr'>l.</span> <span class='ocrx_word' id='word_1_405' title='bbox 765 4401 789 4440; x_wconf 87' lang='lat' dir='ltr'>o.</span> <span class='ocrx_word' id='word_1_406' title='bbox 805 4401 828 4440; x_wconf 87' lang='lat' dir='ltr'>o.</span> <span class='ocrx_word' id='word_1_407' title='bbox 845 4383 940 4442; x_wconf 86' lang='lat'>7.-1.</span> <span class='ocrx_word' id='word_1_408' title='bbox 957 4381 983 4441; x_wconf 78' lang='grc'>2.</span> <span class='ocrx_word' id='word_1_409' title='bbox 999 4402 1026 4460; x_wconf 92' lang='lat' dir='ltr'>q.</span> <span class='ocrx_word' id='word_1_410' title='bbox 1043 4383 1090 4443; x_wconf 78' lang='lat'>94.</span> <span class='ocrx_word' id='word_1_411' title='bbox 1105 4403 1131 4442; x_wconf 83' lang='lat' dir='ltr'>u.</span> <span class='ocrx_word' id='word_1_412' title='bbox 1149 4383 1175 4441; x_wconf 92' lang='lat'>1.</span> 
     </span>
    </p>
   </div>
   <div class='ocr_carea' id='block_1_18' title="bbox 0 0 1564 4956">
    <p class='ocr_par' dir='ltr' id='par_1_19' title="bbox 0 0 1564 4956">
     <span class='ocr_line' id='line_1_42' title="bbox 0 0 1564 4956; baseline 0 2"><span class='ocrx_word' id='word_1_413' title='bbox 0 0 1564 4956; x_wconf 95' lang='lat' dir='ltr'> </span> 
     </span>
    </p>
   </div>
  </div>
 </body>
</html>
