3138 4956
345 427 403 487 314
838 430 958 510 Βορέω.

343 621 483 701 sttbjeetn,
498 624 535 684 de
550 645 609 704 qno
629 625 791 704 quaeritur,
805 625 856 686 aed
877 637 906 686 et
920 625 987 686 aliis
1008 637 1176 705 competere
1189 629 1308 707 poterit.
1350 629 1399 689 Sic
1417 652 1447 688 v.
1547 625 1548 686 i

343 741 370 796 g.
385 720 409 777 si
424 721 490 798 quis
504 733 674 800 quaereret:
696 723 837 801 “quinam
852 723 912 782 sint
927 723 1042 782 numeri
1056 723 1114 797 illi,
1127 727 1178 804 qui
1193 727 1281 786 simul
1299 728 1449 806 multipli-
1547 743 1548 746 ’

343 820 401 878 cati
417 821 491 880 dant
505 831 622 880 centum
632 821 662 880 l’'
684 822 709 882 is
722 831 801 881 certe
815 821 1017 900 quaestionem
1031 821 1285 883 indeterminatam
1300 833 1447 903 propo'ne
1547 835 1548 900 ἦ

282 953 286 960 -
344 927 397 987 ret,
411 938 488 995 quae
502 918 698 996 multiplicem
714 919 814 978 subire
828 919 938 998 poterit
951 919 1137 990 solutionem,
1151 921 1176 980 si
1192 921 1312 980 nomine
1325 923 1444 980 numeri

343 1014 550 1094 intelligantur
570 1036 630 1076 non
644 1016 733 1076 modo
754 1016 862 1094 integri
883 1017 934 1076 sed
948 1029 977 1077 et
1001 1018 1171 1090 fractiones,
1183 1029 1214 1077 et
1238 1021 1355 1078 numeri
1381 1033 1445 1078 tam
1547 1015 1548 1086 l

344 1112 472 1189 positivi,
487 1133 577 1190 quam
593 1113 735 1191 negativi,

383 1207 468 1268 Haec
483 1207 676 1268 Problemata
697 1209 927 1269 indeterminata
948 1211 1061 1290 duplici
1085 1213 1201 1271 ratione
1220 1211 1296 1272 solvi
1319 1227 1444 1291 queunt

383 1304 723 1365 Prim0.·-Emendetnr
743 1307 893 1384 proposita
914 1306 1058 1385 quaestio,
1084 1309 1205 1387 atquin
1228 1308 1447 1368 determinetur
1547 1327 1548 1374 j

341 1402 451 1478 speeies
465 1401 511 1460 vel
536 1401 735 1474 individuum,
750 1402 918 1480 assignetur
936 1423 1029 1479 pertua
1048 1419 1321 1464 commensuratum
1342 1415 1446 1463 exten-

340 1497 415 1557 sioni
430 1498 493 1558 dati
509 1498 683 1576 praedicati.
723 1498 773 1558 Sic
787 1499 955 1578 propositae
969 1501 1135 1577 quaestioni
1150 1500 1322 1579 responderi
1338 1515 1444 1579 potest.
1547 1551 1548 1554 ,

340 1595 488 1670 quaesitos
509 1615 648 1654 numeros
661 1615 722 1654 esse
736 1593 803 1654 illos
816 1614 926 1667 omnes,
940 1595 992 1673 qui
1014 1597 1204 1656 eontinentur
1225 1597 1282 1658 hae
1303 1599 1444 1660 formula.

344 1723 383 1840 (a
399 1741 428 1790 et
449 1692 550 1847 Q)
584 1730 647 1791 Hic
662 1731 839 1808 procedendi
855 1731 959 1791 modus
974 1745 1131 1793 revocatur
1145 1734 1184 1792 ad,
1198 1735 1443 1812 praecedentem:
1547 1759 1548 1762 ¹

341 1885 421 1934 totus
444 1815 523 1934 enim
549 1876 579 1934 in
602 1895 637 1934 eo
661 1873 795 1934 oonsistit
818 1886 852 1934 ut
875 1875 1010 1934 extensio
1030 1874 1155 1954 subjecti
1178 1878 1443 1956 augeatur,donee

340 1973 504 2050 praedicati
532 1971 697 2032 extensioni
722 1971 857 2050 aequalis
877 1972 997 2042 evadat,
1018 1983 1110 2051 atque
1134 1973 1177 2033 ita
1199 1975 1366 2053 subjeetum
1389 1973 1442 2034 fiat
1547 1971 1548 2038 J

340 2089 408 2128 cum
424 2069 596 2147 praedicato
611 2068 816 2129 convertibile.
1547 2105 1548 2108 =

380 2164 796 2226 Secundo-Substituantur
815 2166 983 2244 propositae
1004 2168 1170 2246 quaestioni
1185 2179 1230 2228 tot
1250 2168 1444 2248 hypotheticae
1547 2221 1548 2226 ,

341 2262 532 2335 conditiones,
548 2271 620 2341 quot
634 2261 792 2334 sufficiant,
807 2273 841 2321 ut
853 2262 1017 2340 adjectam
1031 2263 1254 2337 determinatum
1272 2265 1442 2346 hujusmodi
1547 2255 1548 2266 ¹

340 2369 435 2418 essent
449 2359 479 2418 in
495 2359 646 2438 proposito
665 2358 859 2437 problemate,
873 2381 901 2420 v.
916 2381 946 2439 g.
959 2361 1039 2439 qnod
1053 2362 1164 2422 solutio
1176 2361 1263 2422 daret
1284 2383 1441 2423 numerum

341 2457 499 2532 integrum,
524 2455 603 2515 inter
623 2455 677 2514 hos
699 2455 748 2514 vel
771 2454 838 2516 illos
867 2455 978 2517 limites
998 2466 1169 2518 contentum
1193 2468 1247 2518 eto.
1289 2457 1340 2518 Sic
1362 2455 1392 2518 vi
1413 2481 1442 2536 g.
1547 2455 1548 2460 ’

341 2552 498 2631 adjicerem
520 2550 706 2611 conditiones
726 2551 877 2629 proposito
899 2551 1077 2629 problemati
1099 2551 1156 2614 hoe
1171 2553 1278 2614 modo:
1299 2555 1441 2633 “quinam
1547 2579 1548 2626 1

339 2661 409 2709 aunt
423 2649 537 2708 numeri
554 2648 621 2719 illi.
637 2693 643 2708 .
659 2694 667 2707 .
681 2649 732 2726 qui
748 2657 846 2706 tumen
861 2648 922 2708 sint
935 2649 1050 2726 intepri,
1065 2659 1095 2708 et
1108 2669 1234 2727 quornm
1249 2669 1369 2709 summa
1382 2671 1441 2708 non
1547 2695 1548 2698 η

340 2755 459 2824 superet
470 2743 617 2822 nipintil'’
640 2743 804 2822 Responsio
818 2743 1016 2804 determinata
1027 2754 1101 2804 isset
1111 2745 1142 2804 in
1153 2759 1313 2823 promptu:
1328 2745 1445 2823 “liujue
1547 2733 1548 2736 ¹

341 2844 420 2902 modi
433 2863 566 2902 nummos
578 2863 635 2902 aare
650 2842 696 2912 10,
711 2851 741 2900 et
756 2840 907 2900 10.”-At
921 2841 977 2900 hae
991 2841 1175 2901 conditiones
1188 2861 1247 2900 non
1259 2839 1443 2901 exhibent-nr
1547 2877 1548 2930 3

343 2963 361 2998 a
376 2951 484 3000 matura
500 2939 699 3014 Quaestionis,
714 2949 803 3016 prout
817 2939 890 2996 haec
913 2939 1064 3016 proposita
1077 2951 1138 2998 est:
1159 2937 1211 3016 qui
1226 2938 1294 2998 illas
1309 2939 1442 2998 introdu-

343 3051 430 3110 aeret,
444 3036 599 3095 arbitrario
619 3045 730 3113 ageret,
744 3045 773 3094 et
794 3035 832 3094 ad
854 3035 938 3094 aliud
959 3035 1126 3114 quidpiam,
1139 3055 1230 3113 quam
1245 3035 1285 3094 ad
1307 3035 1349 3104 id,
1362 3036 1443 3114 quod

343 3133 505 3210 quaeritur,
520 3151 690 3210 responsum
706 3130 800 3191 daret

385 3225 600 3303 Quamobrem,
619 3237 652 3287 ut
675 3226 804 3297 brevius,
817 3247 895 3305 quae
917 3228 1071 3306 hueusque
1091 3227 1233 3300 diximus,
1247 3229 1445 3309 colligamus:
1547 3293 1548 3312 χ

345 3323 465 3403 quando
480 3325 569 3383 datur
583 3323 796 3384 Praalicatum
811 3335 841 3382 et
854 3325 1009 3402 quaeritur
1022 3323 1206 3404 Subjeetum,
1215 3325 1262 3386 vel
1278 3325 1443 3402 a)—Hae‹·
1547 3329 1548 3344 ³

345 3433 479 3481 extrema
493 3421 627 3480 eamdem
651 3419 792 3480 habitura
812 3429 883 3480 sunt
896 3441 930 3480 ea
943 3429 1044 3499 suopte
1057 3429 1165 3481 natura
1187 3433 1402 3495 extensionem,
1415 3443 1444 3482 er

346 3531 417 3579 tune
431 3518 573 3578 transitus
583 3517 646 3576 lieri
660 3526 758 3596 potest
770 3517 973 3579 indifferenter
983 3539 1002 3578 a
1015 3517 1155 3598 Subjoeto
1166 3519 1204 3579 ad
1220 3518 1445 3582 Praedieatum.

347 3616 392 3677 vel
409 3636 587 3676 econverso.
611 3614 679 3686 Vel,
696 3614 822 3691 b)-Duo
837 3626 972 3676 extrema
986 3617 1099 3676 dinem
1112 3615 1246 3694 gaudent
1260 3619 1441 3678 mmmmm:
1547 3654 1548 3684 r

346 3728 374 3775 et
386 3727 458 3774 tune
469 3725 619 3792 nequeunt
627 3733 684 3790 per
694 3713 825 3790 copulam
839 3713 878 3772 ad
893 3712 1105 3791 aequalitatem
1115 3714 1228 3784 reduci,
1241 3713 1298 3772 nisi
1312 3724 1444 3772 mutetur

346 3815 474 3892 ipsorum
497 3809 715 3888 comprehensio,
737 3811 883 3871 mutando
907 3833 956 3870 sc:
978 3823 1072 3882 notas,
1094 3812 1140 3872 vel
1166 3813 1375 3889 proprietates,
1396 3813 1442 3870 vel
1547 3835 1548 3890 3

345 3909 536 3978 conditiones,
550 3927 628 3985 quae
647 3907 718 3986 ipsis
738 3907 921 3968 tribuuntur.
962 3907 1034 3970 dam
1056 3927 1112 3987 age
1132 3909 1244 3987 duplex
1260 3919 1304 3968 est
1327 3907 1445 3968 Metire·

346 4008 419 4066 dns:
441 4005 587 4084 analytica
600 4023 646 4064 se:
669 4024 745 4082 quae
759 4005 800 4077 id,
814 4006 893 4083 quod
908 4007 1104 4084 compesitum
1119 3991 1162 4066 eat
1177 4009 1239 4084 (soz
1260 4006 1443 4086 subjeetum)

345 4103 455 4162 resoluit
463 4123 473 4171 ;
501 4099 656 4178 qumana
669 4121 750 4172 vero,
764 4121 842 4200 quae
856 4101 895 4173 id,
910 4101 989 4179 quod
1010 4101 1137 4180 simplex
1160 4114 1204 4163 est
1218 4104 1438 4181 (praedicatum

344 4199 406 4277 ωε)
431 4199 580 4275 componit.
623 4196 711 4258 Prior
738 4219 758 4256 a
783 4198 905 4276 adjecto
931 4199 1024 4278 (quod
1049 4200 1079 4258 in
1105 4200 1209 4278 aliqua
1232 4199 1331 4279 speeie
1354 4203 1441 4263 situm

344 4317 404 4358 esse
419 4295 586 4376 quaeritur)
601 4295 709 4354 transit
730 4295 770 4354 od
792 4315 890 4372 pantu,
906 4295 1011 4374 inquo
1031 4296 1197 4376 subjeetum
1213 4297 1291 4357 illud
1314 4297 1443 4360 mutina
