3118 4956
443 425 489 485 De
516 425 610 486 Tertia
633 424 741 486 Metti-is
768 425 948 502 mammo.
1185 425 1242 485 277

143 621 278 700 subjecti,
294 621 400 699 inqua
420 620 602 699 exprimitur
616 619 749 680 definitio
771 618 922 698 pamionis,
937 628 967 679 ct
989 619 1030 679 sic
1052 629 1097 679 est
1119 629 1244 698 quartus

141 718 246 778 modus
260 717 378 778 dicendi
394 737 451 794 per
464 737 493 776 se
503 740 513 776 :
535 717 565 776 in
580 719 688 776 minora?
708 715 842 776 definitio
855 716 979 793 subjecti
1003 715 1193 795 praedicatur
1206 715 1244 775 de

139 836 194 874 suo
207 814 348 894 subjecto,
363 829 393 874 et
406 814 447 874 sic
462 825 506 874 est
520 813 634 893 primus
645 813 751 874 modus
762 811 880 884 dicendi
890 833 947 891 per
960 833 1007 873 sc:
1022 814 1053 873 in
1065 813 1244 873 conclusione

141 911 261 970 demum
292 910 412 989 propria
440 910 536 988 passio
562 909 752 988 praedicatur
774 909 811 969 de
832 929 886 970 suo
910 908 1051 989 subjecto,
1077 911 1173 970 etsie
1197 922 1242 970 est
1333 964 1334 973 ,

141 1008 287 1068 secundus
304 1008 409 1067 modus
422 1008 541 1068 dicendi
551 1029 608 1086 per
621 1029 658 1068 aa.
701 1007 792 1086 Ergo.

182 1103 249 1164 322.
292 1105 561 1181 Quarta-Debet
568 1105 726 1184 procedere
735 1127 768 1164 ec
776 1105 886 1183 primis
896 1115 926 1165 et
938 1095 1242 1164 immediatis—Nam

144 1202 174 1261 in
204 1201 454 1262 demonstratione
480 1209 599 1281 propter
626 1203 698 1282 pald
725 1201 916 1280 praedicatur
939 1205 1065 1280 proprii
1089 1205 1186 1280 passio
1207 1201 1245 1261 de
1319 1281 1322 1288 Ι

142 1299 275 1378 subjecto
300 1299 329 1358 in
356 1299 550 1360 conclusione.
593 1298 629 1358 ln
658 1298 825 1376 praemissis
853 1307 952 1358 autem
978 1297 1026 1358 vel
1054 1298 1246 1376 praedicatur

145 1395 275 1474 definitio
289 1395 326 1455 de
346 1394 488 1474 subjecto,
504 1394 549 1456 vel
567 1397 694 1472 propriu
712 1396 809 1472 passio
826 1394 863 1454 de
884 1393 1055 1455 definitione
1075 1394 1199 1474 subjecti
1214 1405 1244 1454 et

142 1511 205 1562 sua,
221 1501 254 1550 ut
275 1490 388 1551 dictum
411 1501 462 1550 est
505 1490 600 1569 Atqui
626 1489 699 1550 haec
721 1489 822 1550 omnia
843 1500 913 1549 sunt
935 1489 1147 1560 mauertibilia;
1168 1511 1245 1568 quae

143 1599 243 1649 liutem
255 1601 324 1648 sunt
333 1587 550 1661 convertibilia,
561 1587 773 1666 praedicantur
781 1587 887 1664 priam.
930 1585 1013 1665 Ergo
1023 1585 1246 1646 Demonstratio

142 1693 260 1764 propter
281 1685 353 1766 quid
374 1696 418 1746 est
439 1707 477 1746 ex
494 1683 727 1764 primia-Item
751 1683 839 1746 debet
860 1703 921 1744 esse
941 1704 979 1744 ex
1002 1683 1193 1744 immediatis:
1215 1683 1244 1743 id

144 1782 222 1840 enim
246 1793 355 1842 natura
375 1783 470 1841 omnis
492 1781 752 1841 demonstrationis
773 1780 914 1860 exquirit,
930 1792 965 1842 ut
984 1780 1023 1840 ad
1045 1779 1208 1853 immobile,
1224 1801 1244 1840 a

143 1899 203 1956 quo
217 1889 314 1938 motus
327 1878 467 1956 incipiat,
483 1879 668 1950 deveniatur,
684 1898 721 1938 ne
742 1898 893 1956 processus
907 1877 947 1937 od
961 1879 1110 1957 infinitum
1124 1878 1243 1938 admitti

146 1973 226 2036 velit
269 1974 484 2051 Quamobrem,
500 1986 533 2034 ut
546 1973 633 2036 docet
647 1972 856 2053 Philosophus,
871 1994 906 2034 ea
920 1985 1076 2034 censentur
1091 1977 1246 2054 principie

146 2074 174 2132 in
201 2073 304 2152 aliqua
331 2073 533 2145 scientia,ch
559 2072 818 2146 demonstratione,
840 2091 918 2152 quae
944 2071 1014 2133 talis
1041 2074 1174 2146 scientia,
1197 2074 1243 2135 vel

142 2168 366 2242 demonstratio,
389 2191 447 2230 noa
478 2170 582 2248 probat
609 2189 674 2243 cese,
702 2169 752 2230 sed
787 2173 931 2248 supponit
973 2169 1013 2231 V.
1041 2192 1069 2250 g.
1104 2172 1246 2251 supponit

143 2266 305 2327 (icornetra
329 2287 389 2326 esse
417 2266 519 2338 lineas,
540 2276 652 2345 puncta
679 2279 734 2328 etc.
760 2277 790 2328 et
818 2267 1036 2328 Arithmeticus
1061 2267 1190 2328 unitates
1214 2281 1244 2328 et

144 2384 301 2424 numeria:
336 2364 409 2424 baec
437 2364 579 2424 dicuntur
606 2363 755 2443 principia
781 2364 948 2443 simplicia:
983 2363 1062 2424 idem
1092 2365 1243 2444 judicium

144 2459 297 2520 ferendum
320 2460 357 2520 de
382 2458 536 2538 principiis
563 2458 735 2537 complexis,
750 2459 916 2536 eujusmodi
940 2471 1010 2520 sunt
1038 2459 1245 2520 Poenoue.-

145 2554 289 2615 Advertit
301 2567 402 2616 tamen
417 2555 446 2614 S.
462 2553 576 2615 Doctor
586 2553 683 2632 quod:
704 2559 792 2613 “cum
807 2555 905 2633 prima
919 2553 1067 2634 principia
1081 2554 1113 2614 in
1126 2554 1245 2616 demon·

143 2652 286 2712 stratione
299 2650 463 2730 aliquando
473 2650 534 2710 sint
547 2650 682 2724 mediata,
691 2651 763 2730 quia
777 2671 829 2730 per
840 2650 963 2730 aliquod
977 2651 1109 2711 medium
1123 2663 1246 2731 possum

144 2746 351 2818 demonstrari,
365 2756 466 2807 tamen
486 2744 705 2807 demonstrator
719 2748 823 2824 occipit
836 2767 880 2820 ea,
894 2753 927 2806 ut
940 2746 1107 2806 immediato
1120 2756 1151 2807 et
1164 2747 1245 2808 iade-

144 2843 362 2904 moastrolriliu:
376 2863 434 2904 non
450 2843 528 2903 enim
540 2852 611 2904 sunt
624 2842 870 2904 demonstrabilia
881 2843 911 2902 in
927 2841 980 2903 illa
991 2843 1124 2918 scientia,
1136 2844 1245 2923 deque

144 2952 188 3002 est
201 2941 424 3014 demonstratio,
438 2940 489 3000 sed
511 2940 541 2999 in
556 2941 680 3001 scientia
693 2940 846 3019 superiori
889 2939 932 3000 Et
945 2940 1012 3001 ideo
1027 2941 1096 3002 licet
1109 2941 1241 3004 habeant

145 3037 287 3110 medium,
301 3039 487 3116 accipiuntur
501 3047 610 3109 tamen,
624 3043 658 3096 ut
670 3036 865 3098 benedicto?
906 3036 964 3097 Sed
979 3037 1017 3098 de
1033 3039 1087 3098 hoc
1100 3039 1187 3100 infra

184 3135 252 3196 323.
295 3134 560 3212 Quinto-Debet
580 3134 738 3214 procedere
758 3155 797 3194 ex
812 3155 870 3213 per
889 3155 918 3195 se
938 3135 1187 3199 notis-(lonstat
1207 3159 1244 3199 ex

143 3232 249 3292 dictis:
272 3242 316 3292 est
329 3232 407 3292 enim
418 3252 476 3309 per
486 3253 517 3292 sc
531 3241 635 3291 notum
650 3231 690 3304 id,
702 3232 786 3311 cujus
801 3232 1005 3310 praedicatum
1021 3245 1064 3294 est
1078 3234 1115 3294 de
1129 3236 1244 3296 ratione

143 3327 278 3408 subjecti,
300 3328 347 3390 vel
370 3337 525 3390 caussatur
549 3348 586 3387 ex
608 3328 763 3407 principiis
782 3327 916 3408 subjecti.
939 3328 1122 3410 Hujusmodi
1144 3343 1243 3394 autem

143 3436 196 3499 cst,
211 3425 290 3505 quod
306 3435 349 3486 est
360 3445 415 3503 per
429 3446 465 3498 se,
482 3435 619 3504 utsupra
632 3425 817 3504 explicatum
832 3435 883 3486 est

185 3525 252 3585 324.
294 3523 536 3586 Sexto-Debet
557 3523 715 3602 procedere
738 3545 772 3584 ac
793 3523 1018 3601 propriis-Et
1042 3525 1147 3603 primo,
1161 3526 1239 3605 quod

144 3621 368 3683 Demonstratio
389 3629 509 3700 propter
523 3621 594 3701 qaid
614 3640 673 3680 non
696 3621 838 3699 procedat
851 3641 885 3680 aa
905 3623 1056 3693 anunm,
1078 3631 1194 3683 constat
1207 3643 1245 3684 ex

143 3741 187 3794 eo,
202 3721 282 3800 quod
297 3720 328 3778 iu
350 3720 454 3798 niujori
475 3719 571 3798 passio
592 3717 784 3797 praedicatur
802 3739 857 3795 per
869 3739 898 3778 se
911 3717 949 3778 de
970 3718 1076 3792 medio,
1091 3718 1123 3778 in
1137 3729 1245 3799 quarto

145 3818 233 3878 modo
254 3816 392 3888 dicendi;
413 3827 444 3876 et
458 3815 487 3874 in
510 3817 617 3884 reineri
637 3814 828 3894 praedicatur
848 3813 980 3874 medium
1001 3814 1039 3876 de
1058 3815 1245 3896 subjectam

144 3917 242 3995 primo
257 3915 344 3975 modo
368 3914 495 3974 dicendi.
528 3912 618 3989 Quod
644 3924 743 3974 autem
766 3923 809 3974 est
834 3913 1003 3993 hujusmodi
1023 3919 1179 3994 proprium
1193 3930 1245 3991 oet,

144 4033 201 4072 non
231 4011 698 4072 erlraneum.-Secundo.-Nec
726 4011 861 4090 procedit
884 4033 918 4072 ac
938 4013 1154 4074 munaus:
1175 4035 1243 4076 uam

143 4107 296 4188 quaelibet
309 4107 441 4180 scientia,
451 4107 490 4168 ad
505 4107 589 4187 cujus
600 4108 860 4186 consequutionem
872 4107 1013 4187 dirigitur
1024 4109 1245 4186 demonstratio,

140 4209 296 4285 propriam
310 4204 402 4266 babet
415 4205 591 4284 subjectum,
599 4207 740 4283 proprior
753 4204 902 4284 passiones
912 4215 943 4266 et
950 4209 1077 4284 mopere
1087 4207 1242 4287 principie.

144 4303 266 4363 Dicitur
275 4315 375 4362 autem
388 4302 570 4381 principium
580 4301 733 4380 proprium
746 4300 874 4381 alicujus
883 4301 1040 4364 scientiae:
1055 4304 1244 4383 “propositis
