3138 4956
328 414 387 514 3l0
823 419 942 497 Lopieu.

330 611 457 676 ter-nurrb
481 592 686 691 componitui:
708 613 740 672 id
754 635 773 674 a
795 614 910 674 fortiori
933 599 971 674 de
993 612 1060 674 aliis
1086 613 1216 672 numeris
1230 611 1435 691 superioribus

330 705 487 766 dicendum
504 708 568 769 erit.
611 709 761 786 Quocirca
777 711 833 770 tria
850 710 903 770 illa
925 709 1098 788 praedicata
1113 710 1210 788 impar
1227 711 1344 788 prinum
1357 717 1437 768 ntro

329 823 382 880 que
409 803 491 862 modo
520 824 579 864 non
608 807 791 866 conveniunt
818 807 873 866 uisi
909 807 1057 878 Ternario,
1086 807 1165 866 unde
1194 805 1267 866 baec
1294 805 1432 864 delinitio

330 903 485 958 “narnierus
500 901 596 978 impar
611 905 728 980 primns
741 910 860 983 utroque
874 903 974 963 modo''
992 903 1193 982 reciprocatur
1208 923 1276 962 eum
1290 902 1432 960 definito:

329 1007 358 1054 et
372 1008 582 1074 consequenter
596 1008 639 1058 est
654 999 783 1078 definitio
797 1000 1035 1079 quanda—(cf.
1054 1001 1099 1059 11.
1116 999 1195 1059 Post
1211 1021 1235 1059 o.
1250 999 1309 1076 16.)
1382 1045 1387 1054 .

370 1089 614 1168 Il.-Quom0do
631 1095 788 1166 ¹iuvenitur
802 1095 935 1156 delinitio
949 1095 971 1157 J
974 1097 1093 1156 nstitiae
1109 1117 1166 1174 prr
1179 1097 1254 1154 aium
1276 1096 1435 1154 aseensus!

370 1187 782 1266 Respondeo.-Invenienda
804 1205 848 1253 est
870 1195 945 1253 ratio
960 1196 1117 1252 eorrrmunis
1139 1193 1267 1252 nominis
1288 1193 1433 1270 quaesita

331 1287 400 1362 Quo
425 1287 520 1366 posito
542 1289 583 1348 rin
607 1291 774 1368 procedam.
817 1290 910 1351 Multi
935 1291 1161 1350 denominantur
1180 1289 1265 1369 justi,
1285 1311 1334 1348 sc:
1366 1301 1432 1347 turn

330 1383 451 1460 quidem
475 1391 650 1459 ruerentores,
673 1396 736 1447 tum
764 1379 817 1460 illi,
840 1389 891 1466 qui
916 1387 1030 1446 dommo
1056 1389 1138 1446 illato
1161 1394 1353 1466 compereunt,
1367 1403 1432 1446 turn

325 1488 469 1557 parentes,
483 1491 547 1541 turn
556 1483 679 1560 judiees.
722 1483 837 1544 Verum
853 1486 877 1544 si
894 1485 946 1544 hos
960 1485 1137 1562 singillatim
1153 1483 1315 1554 considero,
1329 1485 1433 1562 (lepre

330 1576 427 1637 hendo
442 1577 508 1638 ideo
533 1591 709 1640 mercatores
733 1581 918 1642 denominari
937 1583 1040 1660 jirstoa,
1055 1582 1127 1660 quia
1150 1592 1268 1642 tantum
1292 1581 1431 1652 reddunt,

330 1684 475 1750 quantum
499 1676 668 1754 requiritur,
684 1689 717 1738 ut
731 1689 865 1738 serretur
886 1679 1052 1758 aequalitas
1067 1699 1133 1754 qum
1150 1701 1192 1750 co,
1208 1679 1287 1757 quod
1302 1677 1433 1738 debent:

330 1767 368 1828 ob
390 1769 522 1829 eamdem
547 1773 691 1832 rationem
708 1775 804 1853 jrutos
824 1775 893 1846 diei,
908 1777 958 1854 qui
981 1777 1093 1836 ‹laruna
1114 1776 1201 1836 illata
1222 1785 1433 1854 compensant:

330 1863 351 1924 J
355 1865 453 1926 udices
468 1887 538 1928 vero
552 1880 582 1928 ot
596 1880 731 1947 parentes
746 1871 812 1930 ideo
826 1871 1013 1932 denominari
1021 1873 1124 1950 justos,
1139 1873 1210 1950 quia
1225 1871 1368 1950 praemia,
1384 1871 1433 1930 vel

332 1985 448 2043 poenus,
464 1985 517 2044 pro
533 1968 644 2027 meritis
659 1968 706 2028 vel
721 1969 872 2028 demeritis
894 1989 1085 2047 personarum
1102 1969 1294 2029 distribuunt
1337 1967 1434 2026 Erin-

331 2060 368 2120 de
394 2061 539 2122 concludo
564 2062 639 2124 duas
663 2085 723 2124 esse
747 2068 873 2124 rationes
896 2066 1041 2144 merificus
1060 2064 1204 2143 justitiae,
1218 2084 1346 2143 quarum
1371 2083 1433 2122 uria

331 2167 431 2216 servat
453 2160 652 2238 aequalitatem
666 2163 710 2220 rei
731 2181 795 2220 euni
819 2182 871 2232 re,·
893 2163 989 2222 altera
1004 2182 1074 2222 vero
1096 2173 1197 2221 servat
1216 2163 1434 2239 prcportionern

332 2255 375 2312 rei
402 2274 465 2312 eum
491 2275 623 2332 persona.
666 2255 754 2316 Prior
772 2257 891 2336 justitie
915 2249 1123 2328 eorrunutotiou,
1150 2257 1294 2336 posterior
1314 2255 1433 2334 just-itia

333 2349 515 2412 distributiva
543 2353 661 2416 (licitur.
703 2354 749 2415 At
776 2375 924 2435 quaenam
949 2366 992 2416 est
1018 2357 1094 2414 ratio
1117 2355 1232 2434 utrique
1254 2354 1434 2413 eommunis?

334 2446 470 2508 Proiecto
495 2447 665 2527 hujusmodi
689 2451 765 2512 rntio
789 2452 818 2510 in
842 2473 876 2511 eo
899 2452 1039 2524 cernitur,
1054 2451 1132 2530 quod
1158 2451 1187 2509 in
1212 2461 1341 2528 utroque
1362 2470 1434 2509 casu

329 2546 378 2624 jus
404 2565 489 2605 suum
517 2547 678 2626 uniruique
703 2548 871 2608 tribuatur:
895 2569 963 2609 nam
989 2559 1019 2608 et
1043 2547 1098 2620 illi,
1121 2547 1172 2626 qni
1199 2546 1329 2606 reddunt
1352 2545 1434 2624 qnod

332 2642 449 2715 debent,
463 2655 494 2704 et
508 2643 562 2714 illi,
576 2646 627 2724 qai
643 2645 758 2718 merita,
770 2645 817 2706 vel
833 2645 977 2706 demerita
991 2653 1192 2724 compensant,
1204 2643 1233 2701 in
1247 2663 1281 2702 eo
1295 2641 1434 2701 conveni-

333 2750 396 2811 unt,
411 2739 491 2819 quod
506 2741 662 2821 animique
674 2763 757 2802 suum
766 2744 820 2820 jus
833 2741 970 2802 tribuant.
1014 2740 1218 2818 Quamobrem
1230 2738 1349 2817 justitia
1364 2758 1435 2796 com-

333 2839 470 2896 mutatiua
485 2848 515 2896 et
525 2837 707 2898 distributiva
716 2851 905 2911 revocantur,
917 2839 1122 2916 velutispeoiee‚
1132 2836 1171 2896 ad
1182 2855 1276 2915 genus
1285 2835 1434 2915 justitiae,

333 2951 409 3011 qnae
430 2931 547 2993 definiri
572 2934 695 3012 proinde
718 2935 842 3014 poterit:
865 2933 1022 3006 “Habitus
1042 2933 1199 2994 seeundum
1221 2953 1303 3012 quiem
1329 2933 1438 3012 aliquis

332 3029 475 3088 musinuli
488 3036 513 3090 et
525 3038 665 3108 perpretata
678 3033 821 3092 uoluntate
827 3033 881 3112 jus
894 3053 978 3092 nuum
992 3035 1148 3112 animique
1162 3031 1290 3090 tribuit”
1333 3031 1438 3109 Atque

335 3126 407 3186 haee
421 3127 478 3186 erit
491 3126 625 3189 definitio
639 3131 780 3208 quaesita.

374 3220 419 3283 Ut
434 3222 516 3283 vides
530 3223 561 3281 in
584 3225 680 3303 primo
695 3245 764 3286 casn
780 3246 862 3286 mens
876 3225 916 3286 ab
940 3224 1159 3286 universalibus
1173 3224 1211 3284 ad
1238 3223 1436 3302 particularia

335 3317 497 3389 ducendi,-
525 3320 554 3378 in
585 3323 737 3399 posteriori
762 3322 802 3382 ab
827 3321 1017 3382 inferioribus
1042 3321 1080 3380 ad
1108 3321 1262 3400 superiora
1289 3319 1434 3380 nummii:

337 3415 425 3478 Unde
447 3417 476 3476 in
493 3418 542 3478 via
565 3417 729 3492 descensos,
751 3419 912 3498 synthesim,
926 3419 958 3478 ia
974 3419 1023 3479 via
1040 3439 1109 3478 vero
1131 3437 1269 3478 aseensus
1293 3417 1436 3494 nrtotpsim

335 3513 475 3575 adhibet:
498 3515 580 3592 prior
593 3527 637 3576 est
651 3515 777 3588 facilior,
792 3516 936 3596 posterior
951 3536 1020 3576 vero
1035 3514 1234 3574 difficilior.-

376 3609 442 3670 360.
485 3609 635 3672 Probatur
670 3611 712 3672 ΙΙ.
741 3613 909 3672 assertionis
937 3610 1092 3691 pars-Iu
1124 3609 1239 3690 judicio
1268 3609 1436 3669 affirmatur

335 3705 476 3765 identitas
492 3706 539 3766 rel
554 3705 711 3768 diversitas
725 3708 860 3786 objectiva
873 3708 1029 3768 notionum
1045 3706 1084 3766 ad
1106 3706 1233 3766 invitem
1250 3715 1437 3783 comparata-

336 3821 401 3861 rnm
418 3803 461 3874 (n.
478 3803 577 3882 137.):
599 3804 642 3864 ita
656 3814 755 3865 tamen
773 3816 805 3866 ut
818 3805 983 3883 Subiectum
997 3805 1148 3884 exprimat
1161 3803 1321 3882 objectum,
1335 3822 1435 3862 meun-

335 3897 407 3958 dum
421 3898 620 3978 significatum
635 3902 794 3974 materiale,
803 3903 821 3962 i.
836 3923 860 3962 e.
876 3911 965 3982 prout
975 3913 1019 3962 est
1033 3923 1052 3960 a
1064 3907 1148 3980 parte
1158 3901 1223 3960 sui:
1233 3899 1438 3977 praediontum

333 3983 406 4056 irero
420 3997 568 4075 exprimat
579 3997 738 4077 objectum,
749 3999 911 4059 seeundum
926 3999 1126 4078 significatum
1135 3996 1269 4076 smraule,
1280 3996 1332 4056 ie.
1347 4005 1438 4074 prout

336 4093 375 4154 eb
389 4093 542 4155 intellectu
558 4093 604 4154 bie
617 4107 647 4156 ot
660 4117 740 4156 nuno
753 4097 922 4176 coneipitur
935 4107 965 4157 et
980 4117 1033 4176 per
1046 4106 1220 4174 erruceptum
1237 4095 1436 4173 exprimitnr;

336 4211 429 4251 unum
455 4211 525 4252 vero
549 4191 675 4253 refertur
699 4194 738 4254 ad
763 4193 847 4254 alind
873 4215 926 4273 per
950 4195 1089 4272 copulam,
1104 4213 1180 4272 quae
1204 4191 1371 4252 identitatis
1394 4201 1438 4250 est

335 4287 453 4367 signnm
470 4289 512 4365 (n.
529 4289 620 4366 mu).
663 4289 868 4368 Quamobrem
883 4291 1090 4352 Praedieatum
1105 4291 1272 4369 uiuiparari
1288 4291 1437 4369 patented
