3118 4956
453 481 501 542 De
528 481 624 540 Tertia
644 479 753 540 Mentis
773 479 954 558 Operatione.
1193 481 1247 540 181

315 677 372 737 Ille
387 677 540 748 miserest,
555 677 607 755 qui
621 677 688 736 cinit
703 678 863 756 inquietas:

316 774 374 834 Ille
388 775 538 854 inquietus
552 763 637 846 civis,
652 777 703 854 qai
715 774 814 834 arata
827 781 887 852 epet
895 796 905 845 ,·

310 871 368 932 Ille
383 872 486 932 multis
500 881 575 950 eget,
589 872 642 950 qui
656 871 747 930 multa
761 869 924 942 desiderat,-

309 969 366 1030 Ille
383 969 479 1029 multa
493 968 650 1041 desiderat,
662 969 713 1048 qui
729 968 907 1047 cupiditates
920 989 989 1030 suas
1003 991 1060 1030 non
1077 981 1208 1040 coercet;

310 1066 372 1143 Qui
388 1065 567 1145 cupiditates
582 1084 650 1124 suas
664 1079 723 1124 non
739 1073 909 1125 coercerent
924 1066 1019 1126 miser.

188 1163 255 1223 226.
298 1163 437 1222 Dr'lemna
463 1172 533 1222 sats
555 1161 794 1239 “argumentatio
819 1163 1111 1241 compositamque
1132 1162 1250 1223 duabus

152 1259 402 1339 propositionibus
430 1259 599 1338 disjunctive
626 1258 783 1338 propositis
810 1258 991 1331 adversario,
1019 1259 1185 1320 ostenditur
1211 1281 1249 1320 ex

152 1377 330 1436 rruoquoque
343 1355 477 1417 membro
488 1355 603 1434 aliquid
618 1366 722 1416 contra
736 1356 833 1434 ipsum
849 1356 1003 1416 concludi:
1020 1357 1099 1417 unde
1112 1357 1250 1431 infertur,

149 1453 205 1513 hoe
220 1453 317 1532 ipsum
332 1473 393 1513 esse
406 1451 531 1512 absolrrte
544 1451 811 1512 concludendum.’'
853 1451 1036 1532 Hujusmodi
1050 1464 1095 1513 est
1114 1453 1251 1532 pulcher-

149 1547 258 1608 rimum
274 1548 351 1608 illud
373 1547 553 1608 Tertulliani
576 1547 726 1608 dilemma.
768 1546 846 1608 Cum
861 1547 939 1608 enim
962 1548 1110 1628 Trajanus
1123 1549 1251 1628 impera·

147 1658 196 1706 tor
210 1645 386 1706 christianos
400 1645 511 1724 inquiri
534 1644 742 1724 prohibuisset,
756 1645 781 1704 si
795 1653 896 1705 alitem
918 1637 985 1724 quis
999 1645 1066 1707 illos
1087 1647 1250 1722 detulisset,

146 1763 272 1822 qroenam
289 1743 331 1803 eis
345 1742 515 1822 irrogabat;
536 1741 578 1802 sic
592 1741 796 1803 Tertullianus
811 1742 1020 1822 imperatorem
1036 1744 1196 1823 redarguit.

324 1857 338 1951 ς’
350 1855 409 1916 Vel
425 1855 580 1915 christiani
595 1865 664 1914 sunt
678 1863 815 1928 nannetes,
830 1856 878 1916 vel
893 1859 1077 1928 innoeentes;

350 1936 382 1997 Si
397 1946 551 2007 nocentes3
572 1957 624 1995 ear
637 1938 751 2016 inquiri
759 1935 920 2014 prohibes!

319 1973 333 2088 i
349 2015 381 2077 Si
397 2016 585 2088 innocentes;
607 2032 659 2076 ear
673 2016 776 2078 deictis
784 2037 911 2095 poenam
924 2019 1063 2097 irrogas?

149 2131 186 2190 ln
203 2143 328 2210 utroquo
342 2151 421 2204 casu,
437 2130 564 2211 injustus
578 2131 725 2210 'l'rajanus
739 2151 800 2192 asa
814 2131 987 2193 ostenditur.

190 2227 256 2288 227.
299 2227 435 2288 naratio
450 2236 509 2287 est:
532 2228 781 2306 “argumentatio,
796 2247 857 2307 qua
870 2228 1077 2290 concludimus
1087 2230 1124 2290 de
1137 2231 1249 2310 subjec-

146 2336 178 2383 to
192 2322 294 2403 aliquo
316 2324 474 2383 universali
488 2323 527 2396 id,
542 2323 622 2402 quod
637 2323 674 2383 de
695 2323 884 2384 inferioribus
898 2325 960 2404 ejus
980 2327 1151 2404 sinpillntirn
1172 2312 1249 2388 affir-

148 2421 303 2493 mandum,
328 2421 375 2480 vel
404 2421 574 2498 negandum
600 2441 661 2481 esse
688 2423 878 2499 eopamdmas,
902 2422 1079 2500 reperiente
1106 2422 1248 2484 caena?

147 2518 197 2578 Ex
213 2539 273 2595 qua
288 2517 460 2578 definitione
474 2516 595 2596 colligas
610 2516 822 2588 inductionem,
837 2516 874 2577 de
887 2527 1000 2597 quaest
1010 2517 1058 2578 hic
1069 2539 1173 2591 sermo,
1188 2540 1247 2580 uon

145 2636 206 2675 esse
229 2613 471 2675 confundendam
493 2635 561 2674 cum
576 2613 629 2674 illo
650 2616 784 2686 tranuito,
799 2633 859 2692 qno
880 2635 963 2675 mens
978 2637 996 2674 a
1009 2617 1124 2676 ratane
1145 2615 1248 2695 aliqua

34 2729 42 2746 '
147 2711 323 2792 particulari
339 2711 377 2772 nd
399 2712 588 2772 anniversalem
608 2714 752 2772 nolanam
779 2710 929 2784 ascmdia
951 2711 998 2772 vel
1012 2711 1052 2772 ab
1067 2733 1128 2772 una
1146 2734 1249 2792 propo·

144 2811 248 2869 sitione
270 2808 415 2887 singulari
431 2807 470 2868 ad
484 2807 675 2868 rrninersalern
688 2807 826 2886 graditur
841 2827 899 2886 per
911 2807 1028 2867 modam
1042 2808 1248 2882 anaante,
1333 2873 1336 2881 ,

145 2905 225 2985 quod
240 2905 340 2966 locum
356 2905 447 2966 habet
460 2905 491 2964 in
511 2903 634 2983 judiciis
647 2903 815 2982 analyticis,
837 2903 942 2964 saltem
965 2905 997 2963 in
1020 2904 1074 2977 his,
1089 2923 1166 2984 quae
1188 2923 1247 2966 non

145 3015 215 3062 sunt
230 3002 368 3062 omnibus
391 3012 472 3074 nota,
487 3011 634 3080 quatenus
658 3021 740 3060 mens
756 3000 894 3079 primitus
919 3000 950 3060 in
974 2999 1077 3080 aliquo
1101 3001 1246 3080 singulari

146 3099 347 3178 apprehendit
368 3098 509 3158 tenninos
532 3099 785 3177 terminorumque
806 3099 992 3172 Maedtatem,
1006 3109 1036 3160 et
1056 3099 1163 3160 deinde
1186 3101 1249 3160 uni-

150 3197 354 3258 versalitatem
370 3196 528 3258 absolutam
548 3197 688 3276 principii
703 3198 862 3276 cognoscit.
904 3198 974 3274 Quo
988 3197 1019 3257 in
1034 3219 1104 3259 casn
1118 3199 1250 3278 singula·

149 3294 197 3353 ria
211 3315 242 3354 sc
257 3293 369 3354 habent
381 3315 433 3373 per
443 3293 565 3354 modum
577 3296 730 3354 nanclart-is
741 3295 908 3373 requisitae,
919 3302 951 3354 at
960 3295 1076 3354 termini
1085 3296 1252 3374 intellipan-

146 3399 195 3449 tar
209 3402 238 3451 et
252 3391 305 3451 liet
321 3393 443 3471 reflerio,
457 3410 534 3471 quae
547 3391 585 3450 ad
601 3390 817 3451 efformandum
836 3391 984 3470 judicium
1001 3401 1044 3452 est
1066 3393 1248 3464 necessaria,

146 3488 196 3547 sed
220 3509 280 3548 non
302 3488 503 3567 requiruntur,
517 3495 550 3548 at
569 3489 673 3547 neriam
690 3488 835 3565 principii
855 3487 1081 3558 denmnstretam
1101 3488 1247 3568 siquidem

136 3586 232 3658 'haec,
247 3584 404 3646 intellectis
426 3586 569 3657 terminis,
584 3585 618 3645 fit
632 3585 725 3646 menti
740 3585 897 3646 manifesta
912 3592 956 3661 (n.
981 3586 1072 3661 208.).
1116 3587 1248 3663 Quamo-

149 3681 231 3740 brem
254 3681 400 3754 Iadaetio,
414 3679 452 3742 de
473 3703 533 3761 qua
548 3682 597 3742 hie
618 3682 778 3762 loquimur,
792 3695 836 3742 est
858 3684 996 3744 astaritae
1010 3705 1028 3744 a
1042 3684 1187 3763 singulari
1209 3684 1249 3745 ad

148 3777 345 3838 universalem
369 3779 596 3857 propositionem
614 3799 671 3856 per
686 3778 800 3838 rrrodarn
821 3782 1089 3858 argumentationis,
1104 3791 1134 3842 et
1148 3780 1247 3842 locum

148 3875 239 3936 lrabct
252 3875 461 3936 tantummodo
476 3876 508 3936 in
514 3875 640 3954 judaia
652 3875 814 3954 martiatica
827 3876 1066 3937 edomandis.-

186 3969 207 4032 J
209 3991 257 4030 am
273 3991 329 4049 age
343 3971 392 4030 hic
407 3973 553 4043 transitus,
567 3970 642 4031 haec
655 3971 784 4031 inductio
800 3981 965 4051 potestesse
978 3974 1026 4033 vel
1041 3974 1186 4052 completa,
1201 3975 1248 4035 vel

146 4069 331 4138 incompleta.
375 4067 445 4128 Erit
465 4069 602 4146 completa
616 4073 702 4128 “cum
718 4068 755 4128 de
775 4068 908 4148 subjecte
922 4070 1083 4130 universali
1101 4071 1251 4131 concludi·

148 4188 213 4228 inira
226 4168 268 4240 id,
280 4168 358 4247 quod
374 4168 554 4228 domanicae
567 4169 629 4246 ejus
642 4166 831 4227 inferioribus
845 4166 1127 4240 affirmandum,vel
1141 4187 1250 4246 negan-
1343 4213 1345 4218 ,
1382 4210 1389 4222 .

149 4267 221 4324 dum
238 4285 298 4325 esse
313 4265 506 4345 cognovimus
516 4265 542 4325 :”
564 4277 598 4325 ut
612 4283 641 4324 v.
655 4287 683 4344 g.
698 4285 766 4324 cum
781 4263 865 4324 dico:

189 4362 336 4422 “Placete
350 4386 369 4422 a
391 4373 548 4423 mutuatur
561 4360 662 4422 lumen
680 4383 699 4421 a
712 4361 790 4432 sole3
812 4361 933 4440 planeta
947 4360 963 4420 b
980 4371 1136 4422 mutuatur
1149 4361 1250 4422 lumen

146 4460 255 4534 asole;
277 4460 507 4538 iterandas.
529 4457 690 4538 g......'’
