3358 4952
396 469 451 528 176
750 433 753 440 Ι
888 469 1008 548 Lupica.

435 667 559 729 Defectu
576 669 753 748 posterioris,
767 669 824 730 hae
841 671 1084 750 consequentiee;

391 765 507 826 “Omne
522 766 634 827 arrimel
650 778 693 828 est
706 789 807 828 seusus
831 767 977 848 particeps
986 768 1012 828 :”
1035 790 1102 847 erpo
1116 768 1225 829 “homo
1240 778 1283 829 est
1305 789 1407 828 sensus
1429 787 1498 846 pur-

885 866 997 946 ticeps'’

392 960 574 1036 “Quoddom
596 961 708 1022 animal
730 971 773 1022 est
795 961 917 1023 rationis
938 982 1043 1042 expers
1053 963 1079 1021 :’'
1101 984 1167 1040 erpo
1182 963 1290 1022 “homo
1305 975 1349 1022 est
1370 962 1493 1022 rationis

872 1057 1005 1138 expers.’'

393 1173 450 1211 nou
465 1165 533 1213 sunt
549 1153 673 1232 quedem
687 1155 810 1231 somnae,
825 1154 895 1234 quie
911 1176 968 1214 non
983 1166 1120 1216 servatur·
1136 1156 1234 1216 eudem
1248 1157 1492 1216 enum-istiouum

393 1252 552 1329 «quantitas.

435 1349 533 1410 Debet
552 1349 674 1429 insuper
687 1349 785 1411 eudem
806 1352 963 1412 mediolis
983 1353 1107 1432 poleas
1120 1353 1362 1414 enunciationum
1382 1353 1493 1430 prim-i-

391 1447 502 1524 polium
519 1447 647 1508 retineri.
690 1447 773 1508 Hinc
786 1447 830 1520 lit,
847 1459 880 1509 ut
894 1449 950 1508 hec
965 1449 1201 1529 consequentiae,

532 1541 653 1603 “Homo
666 1553 710 1604 est
725 1543 836 1604 animal
848 1544 874 1604 :”
895 1565 962 1622 erpo
977 1549 1039 1605 “est
1053 1563 1154 1606 sensus
1168 1546 1316 1624 particeps
1325 1569 1342 1604 z.

532 1638 654 1700 “Homo
667 1661 728 1700 uon
741 1650 785 1702 est
799 1640 931 1700 animal·
954 1663 1020 1720 erpo
1035 1647 1097 1702 “est
1110 1662 1211 1702 sensus
1225 1643 1389 1722 particeps:

393 1735 527 1796 eumdem
542 1755 602 1795 uon
618 1735 750 1798 habeant
770 1735 914 1798 formam:
937 1757 1029 1817 quum
1052 1738 1158 1817 prioris
1172 1739 1348 1800 antecedens
1362 1739 1400 1799 sit
1415 1739 1492 1798 affir-

395 1833 550 1906 mativum,
566 1832 733 1913 posterioris
744 1843 844 1894 eutem
860 1834 1042 1913 negativum.
1080 1835 1155 1895 Dixi
1165 1835 1397 1914 principalium
1412 1856 1491 1900 nuni,

395 1939 508 1991 mutata
544 1929 691 2009 qualitate
720 1930 866 1998 essentiali
899 1931 1096 2010 quorumdem
1127 1932 1331 2004 incidentium,
1356 1953 1434 2012 quse
1461 1933 1490 1991 iu

332 2033 335 2036 ’
394 2032 564 2110 praedicato
579 2029 626 2090 vel
641 2029 773 2110 subjecto
787 2031 889 2109 eliquo
903 2030 1101 2102 eontinentur,
1114 2050 1172 2089 non
1189 2029 1253 2089 ideo
1267 2049 1383 2107 semper
1398 2041 1492 2088 mum-

395 2128 475 2188 bitur
489 2128 603 2199 forme3
624 2137 658 2187 ut
672 2147 699 2187 v.
714 2148 743 2206 g.
758 2147 825 2187 cum
840 2126 930 2186 dicis:

392 2224 517 2286 “Omnis
531 2225 629 2296 homo,
645 2226 695 2304 qui
709 2225 860 2302 mjmtm,
875 2235 918 2284 est
934 2224 1079 2303 prudeus:
1101 2245 1168 2301 erpo
1182 2223 1250 2283 “hic
1264 2223 1353 2282 liomo
1368 2233 1411 2282 est
1427 2243 1492 2301 pru-
1598 2235 1599 2294 ᾗ

903 2319 975 2380 dens
985 2319 1011 2379 :’'

394 2419 517 2479 “Omnis
540 2420 639 2492 homo,
655 2421 705 2498 qui
720 2440 777 2478 nou
792 2425 830 2478 cot
845 2417 988 2498 prudens,
1003 2427 1046 2477 est
1067 2417 1256 2496 imprudens:
1278 2437 1345 2494 erpo
1359 2415 1428 2474 “hic
1443 2415 1491 2473 ho-

789 2535 837 2576 mo
851 2525 895 2576 est
909 2513 1090 2594 imprudens.

396 2615 450 2673 huc
465 2613 692 2693 consequentiae
706 2613 809 2673 eedem
825 2613 921 2674 forme
936 2612 1077 2690 gaudent.

435 2709 572 2788 Denique
594 2729 743 2771 necessum
758 2718 810 2782 est,
826 2719 860 2770 ut
873 2709 993 2770 eaedem
1003 2709 1173 2788 junctiones
1187 2718 1216 2767 et
1230 2728 1325 2768 nexus
1341 2709 1492 2786 primipo-

393 2810 465 2868 lium
476 2811 608 2887 partium
621 2807 849 2887 cmuequutionis
858 2815 1021 2866 serventur.
1065 2804 1269 2881 Quamobrem
1282 2803 1417 2864 eamdem
1434 2824 1489 2862 non
1597 2861 1598 2892 p

394 2915 514 2967 servent
528 2904 655 2966 formem
671 2904 728 2965 hue
742 2903 976 2983 consequentiae,
990 2923 1038 2963 sc:

535 3001 585 3062 “Si
599 3001 662 3062 dies
676 3011 728 3074 est,
742 3001 786 3061 sol
801 3000 1041 3077 lucetz-“Quie
1056 2997 1118 3058 dies
1132 3008 1184 3070 est,
1198 2997 1249 3058 Sol
1264 2997 1352 3058 lucet

435 3100 523 3177 Quae
545 3099 697 3179 hucusque
718 3097 850 3158 diximus
878 3097 995 3158 minute
1020 3095 1108 3156 nimis
1131 3093 1225 3157 videri
1255 3101 1395 3174 possuut;
1425 3101 1493 3152 suut

395 3207 492 3257 nemen
517 3196 678 3256 necessario
700 3195 856 3266 serrendo,
871 3203 905 3254 ut
919 3193 1015 3254 forme
1030 3191 1255 3271 consequentiae
1279 3189 1450 3258 retineatur,
1464 3197 1492 3247 et

394 3291 625 3373 sophismatibus
638 3303 820 3353 occurratur.
1239 3271 1246 3288 ⁸

434 3488 518 3550 Dico
533 3487 635 3548 III.-
641 3489 795 3550 Generoks
808 3488 1071 3568 mineqcoentiurum
1086 3487 1159 3565 heym
1172 3485 1224 3558 hie,
1239 3505 1313 3564 qicue
1326 3489 1493 3562 xquuntrm

391 3589 594 3667 prorsunciutic
608 3587 840 3648 eontinentur.—

435 3781 502 3842 217.
545 3779 779 3840 Primum—Fe
801 3779 870 3840 Vero
884 3799 943 3840 non
958 3780 1017 3838 urei
1039 3777 1142 3838 Verum
1151 3799 1202 3834 :-
1211 3775 1314 3836 Verum
1325 3779 1422 3832 nutem
1432 3779 1490 3831 turn

394 3899 429 3938 ec
441 3897 515 3950 vero,
530 3884 589 3936 tum
603 3897 637 3936 ee·
649 3875 727 3954 salso
742 3875 894 3953 collipitur.
1077 3949 1080 3958 Ι

906 3973 932 4031 2.
948 3970 1043 4031 Prior.
1060 3971 1155 4029 2.-1.
1172 3969 1250 4028 Post
1266 3969 1293 4028 6.

437 4069 527 4130 Retio
549 4069 655 4147 prioris
676 4069 769 4148 pertis
783 4067 907 4128 est-Si
928 4067 1037 4128 falsum
1060 4087 1192 4146 unquam
1206 4087 1244 4126 ex
1260 4085 1330 4125 vero
1345 4063 1494 4144 colligere

398 4179 455 4254 tur,
470 4164 611 4245 quoniam
626 4164 738 4243 salsum
753 4167 785 4224 in
807 4185 871 4225 uero
893 4163 1038 4224 contineri
1061 4173 1196 4242 nequeat,
1211 4161 1378 4222 necesseeio
1401 4161 1494 4222 dioen-

398 4265 469 4325 dum
486 4273 568 4336 esset,
583 4283 643 4322 non
658 4261 762 4323 bonam
776 4262 865 4323 fuisse
879 4261 1117 4340 consequentiam
1135 4259 1178 4336 (n.
1194 4259 1285 4334 214).
