3118 4956
823 445 942 526 12091'00·
960 521 964 530 .

372 633 486 696 Verum
500 638 580 698 enim
596 659 667 700 vero
690 641 793 719 nequit
817 661 898 702 mens
919 641 959 702 ad
983 641 1071 721 hujus
1093 641 1183 702 medii
1206 641 1437 721 inquisitionem

330 734 478 806 accedere,
493 735 549 796 nisi
565 738 732 816 propositae
745 739 926 817 quaestionis
946 741 1081 800 tcraairwa
1094 749 1125 799 et
1138 759 1215 819 quae
1228 738 1267 799 ad
1282 741 1436 820 quaestio-

332 852 397 890 nem
411 832 585 894 solvendam
601 855 768 896 ooaasrrerc
782 835 900 908 debent,
915 837 1016 916 oliqrm
1030 837 1142 896 ratione
1157 836 1239 915 prius
1253 847 1434 915 cognoscat:

330 949 399 988 nam
413 928 451 988 de
464 949 508 1002 eo,
522 931 602 1010 quod
618 931 735 1010 penitus
749 931 914 1011 ignoratur,
929 951 982 992 nec
998 933 1131 1012 quaestio
1147 931 1210 991 ulla
1226 931 1362 1011 proponi,
1377 952 1438 991 nec

333 1023 521 1086 ratiocinatio
535 1025 598 1086 ulla
612 1026 728 1087 institui
749 1037 853 1106 potest.
896 1027 983 1104 Quae
998 1039 1098 1088 autem
1124 1027 1287 1088 necessario
1311 1047 1436 1107 praeco

330 1121 429 1198 gnosci
444 1120 563 1195 debent,
576 1131 648 1184 sunt
662 1124 721 1184 tria
734 1145 783 1184 sa:
804 1124 976 1203 subjectum,
991 1125 1205 1195 Praedicmam,
1220 1125 1301 1204 quod
1316 1125 1435 1204 potissi·

259 1213 263 1222 '
331 1237 410 1278 mum
422 1229 465 1278 est
481 1220 645 1298 proprietas
655 1219 802 1299 quaedam
818 1221 953 1300 subjecti,
964 1220 1158 1300 quamobrem
1173 1222 1236 1299 ejus
1250 1221 1372 1299 offertio,
1383 1221 1434 1280 vel

327 1321 422 1396 passio
450 1318 579 1390 dicitur;
613 1319 779 1398 Priardpia
807 1341 883 1399 quae
911 1319 941 1379 in
970 1319 1252 1380 demonstrationem
1289 1317 1434 1378 influunt

331 1414 415 1476 Haec
441 1416 499 1476 tria
521 1415 686 1495 Sabjectam
709 1437 758 1478 sc:
780 1418 890 1490 Passio,
918 1417 1073 1495 Priraaipia
1097 1416 1240 1477 dicuntur
1265 1415 1433 1476 Ratiocinii

334 1511 538 1589 Praempraita3
560 1512 689 1573 diuersos
702 1523 802 1573 autem
826 1514 1017 1592 cognitiones,
1033 1533 1109 1591 quae
1131 1512 1169 1572 de
1184 1511 1229 1572 his
1253 1511 1434 1591 praehaberi

329 1607 447 1679 debent,
460 1607 623 1669 Ratiociuii
635 1609 843 1670 Pracaotioaes
855 1620 1076 1689 nuncupantur.
1105 1609 1154 1670 De
1163 1609 1289 1688 singulis
1300 1609 1434 1670 tenenda

329 1713 407 1776 sunt,
422 1724 498 1782 quae
511 1717 685 1784 sequuntur,

370 1800 437 1860 301.
480 1800 522 1862 Et
544 1803 642 1880 primo
663 1803 784 1882 quidem
808 1804 960 1883 praenosci
975 1803 1064 1864 debet
1085 1803 1249 1882 Sabjcrtam
1263 1803 1431 1882 etquidem

331 1904 413 1966 arta;
434 1909 478 1958 est
501 1898 580 1961 enim
596 1898 636 1971 id,
651 1899 689 1958 de
702 1920 762 1978 quo
775 1899 909 1978 quaestio
933 1899 1072 1972 occurrit,
1087 1920 1147 1980 qua
1169 1900 1308 1960 decanea
1326 1900 1431 1960 datum

332 1993 377 2054 vel
392 2015 550 2054 wmesaam
563 1994 782 2057 denominatur.
813 1996 873 2058 ‘De
888 1997 951 2076 ipso
961 2007 1062 2058 autem
1074 1996 1186 2076 duplex
1202 1997 1294 2058 datur
1308 2015 1434 2076 praeno·

331 2088 380 2161 tio,
404 2110 451 2148 sc:
473 2091 543 2170 qaia
566 2097 614 2163 eal,
639 2091 686 2152 vel
716 2092 792 2172 qrwd
826 2094 881 2152 at:
903 2102 933 2152 et
960 2091 1032 2172 quid
1058 2091 1245 2152 sit-Debet
1282 2091 1428 2152 nimirum

332 2187 500 2266 praenosci:
517 2188 709 2268 1.—subjecti
723 2190 881 2262 mutantia
896 2189 944 2250 vel
958 2189 1063 2250 saltem
1079 2190 1141 2267 ejus
1158 2187 1354 2267 poan'bilitns:
1375 2189 1435 2248 “de

331 2284 394 2362 ipso
408 2285 497 2356 enim,
511 2285 591 2363 quod
605 2292 671 2344 acta
685 2304 743 2345 non
759 2295 812 2357 est,
826 2285 870 2346 ait
883 2285 912 2346 S.
934 2285 1074 2358 Thomas,
1089 2284 1165 2344 nihil
1179 2284 1250 2346 sciri
1264 2295 1375 2363 potest:
1399 2300 1431 2344 ct

330 2380 396 2442 dico
418 2401 478 2442 esse
502 2388 568 2442 oola
595 2392 655 2442 tam
685 2385 718 2442 ia
745 2403 782 2455 se,
797 2403 887 2462 quam
917 2385 950 2442 ia
976 2384 1036 2442 sais
1063 2381 1432 2460 cama.”-2.-Subjaeti

330 2478 458 2558 definitio
469 2478 623 2552 raimelia,
635 2480 682 2540 vel
691 2479 797 2541 saltem
808 2480 965 2540 nominalis
977 2479 1063 2560 (qaid
1072 2481 1125 2551 rai,
1138 2479 1185 2540 vel
1196 2478 1268 2559 qaid
1279 2479 1432 2555 nomionis).

331 2577 527 2652 -Quaermns
544 2597 614 2637 vero
635 2597 674 2636 ex
696 2576 742 2636 his
764 2579 921 2638 messario
945 2577 1197 2657 praerequiratur,
1211 2576 1241 2636 id
1265 2599 1299 2636 ar
1321 2585 1432 2637 actara

331 2674 502 2750 quaestionis
515 2671 675 2734 solvendas
695 2670 922 2752 dijudicandum
944 2672 1009 2734 erit.
1051 2673 1082 2733 Si
1097 2673 1176 2732 euim
1191 2673 1226 2732 fit
1240 2674 1375 2752 quaestio
1388 2697 1431 2734 aa

330 2771 391 2830 rit!
413 2771 566 2850 praenosci
580 2769 668 2832 debet
682 2770 753 2850 qaid
772 2771 918 2839 caminia·
938 2769 963 2830 si
978 2769 1012 2830 lit
1025 2769 1159 2848 quaestio
1180 2769 1253 2849 quid
1265 2771 1327 2829 sit!
1348 2789 1434 2848 prae-

332 2867 410 2930 nosci
432 2865 520 2927 debet
534 2888 574 2926 aa
593 2867 648 2926 sit:
668 2867 693 2926 si
717 2867 838 2927 demum
863 2867 898 2928 fit
922 2867 1056 2945 quaestio
1079 2866 1164 2946 quale
1186 2866 1250 2926 ait!
1277 2867 1431 2952 praenoeci

331 2967 451 3044 insuper
465 2963 553 3026 debet
577 2947 648 3044 quid
662 2966 724 3035 rai,·
746 2985 816 3024 nam
840 2985 880 3024 err
903 2963 1029 3024 essentia
1052 2963 1247 3042 proprietates
1260 2983 1300 3022 ex
1325 2961 1431 3042 hisque

330 3063 408 3122 aliae
431 3061 591 3142 profluunt,
615 3071 689 3141 puta
710 3082 748 3122 ax
771 3070 880 3122 natura
907 3061 1001 3122 animi
1029 3059 1156 3120 humani
1183 3059 1340 3120 derivatur
1366 3062 1431 3140 ejus

330 3158 535 3239 spiritualitas,
549 3179 586 3218 ex
609 3158 666 3219 hac
688 3157 811 3220 libertas
824 3169 855 3220 et
868 3157 1018 3238 capacitas
1041 3157 1172 3218 merendi
1187 3157 1235 3218 vel
1250 3157 1433 3228 demerendi,

331 3267 360 3316 et
373 3255 415 3315 sic
429 3254 466 3314 de
480 3254 555 3314 aliis.

371 3351 438 3411 302.
480 3349 825 3412 Secunda-Praemsoi
843 3351 932 3411 debet
954 3350 1161 3410 Praedicatam
1184 3349 1323 3410 videlicet
1351 3349 1432 3426 Quid

330 3449 377 3520 sit,
388 3447 493 3508 saltem
505 3448 628 3508 aomina.
670 3447 764 3508 Porro
779 3447 985 3526 praedicatum
997 3457 1093 3526 potest
1107 3447 1260 3526 praenosci
1271 3446 1433 3526 dupliciter

331 3545 517 3605 dabilaoliter
538 3565 586 3604 so:
609 3544 655 3604 vel
678 3544 836 3604 actualiter.
877 3543 1020 3604 Habetur
1042 3543 1133 3622 ipsius
1147 3543 1277 3622 cognitio
1299 3545 1431 3617 adactu,

331 3661 423 3720 quum
445 3639 475 3700 in
502 3649 599 3701 mente
613 3640 689 3719 vigit
712 3659 848 3719 praesens
872 3641 963 3720 ipsius
984 3653 1160 3719 conceptus:
1182 3640 1339 3702 laudantis
1361 3661 1435 3702 vcro

331 3757 423 3816 quum
438 3737 531 3816 ipsius
545 3747 713 3816 conceptus,
728 3737 803 3798 alias
818 3737 948 3809 habitus,
963 3736 1082 3798 latetis
1098 3749 1205 3810 mente,
1216 3737 1259 3798 ita
1274 3747 1383 3810 tamen
1399 3753 1434 3800 ut

331 3852 398 3894 cum
422 3832 551 3912 primum
582 3833 623 3893 rei
646 3833 757 3892 mentio
779 3834 919 3906 occurrit,
943 3833 1119 3894 reviviscere
1141 3843 1239 3912 queat
1280 3831 1352 3894 Jam
1377 3853 1434 3914 age

331 3930 487 3990 habitualis
500 3929 605 3990 saltem
630 3931 793 4010 praedicati
817 3931 925 3992 notitia
947 3942 991 3991 est
1013 3931 1135 3990 omnino
1158 3932 1338 3990 neaeoearia:
1363 3951 1431 3992 narn

330 4046 421 4098 secus,
435 4027 551 4086 etiamsi
569 4027 682 4088 medius
696 4028 840 4088 terminus
855 4029 948 4090 menti
962 4027 1130 4108 affulgeret,
1145 4027 1262 4090 inutilis
1275 4028 1433 4100 evaderet3

332 4124 465 4202 nequiret
479 4125 558 4184 euim
574 4125 604 4184 in
625 4126 799 4186 memoriam
823 4127 963 4187 reducere
985 4125 1026 4200 id,
1041 4127 1120 4206 quod
1136 4147 1190 4187 nea
1214 4127 1433 4188 semitarum

331 4219 517 4280 dobdaalitar
549 4222 745 4300 cognoscitur,
770 4234 800 4284 et
834 4233 1047 4303 consequenter
1078 4223 1242 4302 ignoratur.
1284 4225 1375 4302 Quod
1404 4228 1428 4286 si

329 4327 501 4396 quaeratur,
516 4337 588 4377 num
604 4317 659 4378 tale
674 4319 878 4396 praedicatum
890 4321 1051 4382 conveniat
1064 4320 1136 4382 dato
1149 4321 1292 4400 subjecta,
1302 4335 1356 4383 aut
1369 4343 1429 4398 cur,
