3118 4956
443 284 467 328 0

436 431 483 492 Da
509 432 605 492 Tertia
626 431 733 490 Manlia
760 428 942 509 Operatione.
1179 423 1237 482 239

529 818 778 882 ARTIOULUS
799 818 842 879 11.

397 1033 443 1075 DE
462 1011 773 1076 Amumuurnrtottn
793 1031 982 1075 PROBABILI.

176 1209 242 1269 275.
287 1208 520 1287 Argumentatio
538 1209 699 1286 probabdlo
723 1209 777 1269 illa
798 1219 860 1270 est:
883 1215 962 1288 “qua
984 1230 1021 1269 ex
1044 1215 1175 1288 atraque,
1190 1205 1236 1268 vel

38 1295 42 1300 ⁵
132 1307 275 1366 altmaro
289 1306 451 1384 praemissa
464 1305 624 1394 probabili,
638 1306 855 1369 concluditur.”
891 1307 985 1368 Porro
998 1305 1160 1385 propositio
1172 1325 1238 1382 pro·

133 1401 239 1462 babilae
265 1401 321 1462 illa
344 1401 463 1476 dicitur,
485 1423 563 1482 quae
586 1403 705 1464 tametsi
731 1423 789 1463 non
814 1402 958 1464 excludat
982 1423 1092 1463 annam
1116 1400 1238 1462 errand-i
1280 1461 1285 1473 ,

126 1497 328 1578 formidinem,
342 1519 397 1559 nec
411 1500 536 1580 proinde
549 1501 652 1580 firmat
665 1501 773 1561 mentis
793 1519 943 1561 emensum
960 1487 1006 1578 let
1018 1500 1060 1560 sic
1074 1520 1093 1559 a
1109 1498 1236 1577 proposi·

135 1595 216 1657 tione
240 1605 321 1656 certa
345 1608 435 1675 atque
458 1597 589 1658 evidenti
614 1596 738 1670 differt),
761 1609 861 1657 tamen
886 1616 942 1676 pro
964 1616 995 1656 ae
1017 1595 1111 1655 habet
1133 1593 1237 1654 motivo

16 1761 20 1766 ¹
134 1695 254 1753 minimo
276 1693 450 1772 martanda,
465 1703 555 1772 atque
575 1693 642 1754 ideo
664 1713 814 1754 assensum
837 1694 895 1754 viri
916 1691 1072 1772 prudentis
1094 1689 1236 1750 demereri

134 1799 239 1870 potest
282 1789 365 1850 Hinc
380 1791 485 1850 merito
494 1789 664 1868 probabilia
677 1790 716 1849 ud
734 1789 895 1850 Aristotele
907 1791 949 1868 (1.
964 1787 1065 1868 Topio.
1082 1787 1122 1864 l.)
1135 1787 1236 1846 dicun·
1352 1825 1360 1837 ·

134 1897 194 1959 tur,
209 1889 304 1965 “quae
318 1887 460 1946 videntur
475 1885 576 1962 (vera)
592 1886 732 1959 orandas,
747 1897 800 1947 aut
815 1885 962 1964 pluribus,
976 1894 1030 1944 aut
1050 1883 1236 1962 sapientibus,

136 2081 269 2158 iuquam,
285 2091 319 2140 ut
334 2100 361 2140 v.
376 2101 404 2158 g.
447 2079 651 2159 “Obsequium
673 2080 784 2140 amicos
805 2079 945 2140 conciliat
957 2077 984 2138 :''
1000 2077 1139 2156 plraibat
1160 2086 1194 2136 ut
1208 2097 1236 2136 v.

132 2199 162 2255 g.
206 2175 286 2236 “Par
299 2177 364 2254 pari
379 2176 641 2236 essereferendum
652 2176 678 2249 ;”
692 2176 911 2254 spectatissimis,
922 2185 956 2236 ut
965 2196 992 2235 v.
1008 2195 1035 2254 g.
1066 2173 1236 2233 “Mundum

133 2273 272 2352 coepisse,
295 2273 400 2333 asserit
419 2272 536 2333 Plato.”
579 2271 641 2334 Ubi
664 2273 796 2345 adverte,
812 2293 848 2332 ue
870 2272 900 2332 iu
924 2291 1054 2332 errorem
1076 2270 1235 2338 induaaris,

133 2369 368 2448 quamplurima,
379 2389 456 2448 quae
470 2369 510 2428 ab
524 2369 663 2447 antiquis,
679 2379 833 2447 tamquam
848 2367 1027 2447 probabilia,
1039 2365 1236 2430 habebantur.

135 2465 224 2526 modo
238 2465 356 2527 anobis
371 2465 418 2526 vel
434 2465 565 2526 evidenti
580 2467 704 2538 ratione,
720 2465 767 2526 vel
789 2465 849 2525 fide
870 2465 975 2526 diviua
989 2465 1101 2525 edoctis
1123 2464 1235 2535 haberi,

134 2572 289 2640 tamquam
304 2571 393 2622 certa
435 2559 523 2622 Haec
535 2571 643 2622 autem
667 2560 831 2640 probabilis
852 2561 1073 2641 argumentatio
1087 2559 1237 2620 dialectica

133 2659 174 2720 ab
198 2659 363 2721 Aristotele
386 2659 515 2720 dicitur:
537 2659 683 2738 siquidem
706 2659 856 2732 conclusio,
881 2658 1033 2738 adquam
1056 2657 1189 2730 adducit,
1205 2656 1235 2715 iu

134 2768 293 2836 utramque
307 2769 421 2835 partem
446 2755 512 2835 plus
536 2743 670 2817 minusve
691 2755 882 2835 disputabilis
895 2767 947 2829 est,
961 2755 993 2816 id
1007 2755 1087 2835 quod
1109 2755 1234 2816 verbum

136 2857 320 2927 nunterston
335 2853 491 2933 significat.

176 2953 241 3012 276.
284 2951 444 3012 Conclusio
466 2951 633 3024 dialectica,
648 2971 724 3030 quae
746 2971 784 3010 cx
807 2951 974 3030 praemissis
996 2950 1132 3021 infertur,
1155 2961 1234 3007 unte

133 3069 224 3129 quam
249 3049 405 3120 inferatur,
428 3050 562 3128 qttaeotio,
578 3047 624 3108 vel
646 3047 795 3125 problema
818 3047 997 3106 dialecticam
1024 3056 1234 3124 nuncupatur:

133 3147 206 3226 quia
233 3165 285 3225 per
314 3145 435 3205 modum
465 3143 715 3222 interrogationis,
738 3155 797 3204 aut
824 3142 1021 3202 dubitationis
1049 3141 1233 3221 proponitur.

133 3243 285 3318 Quoniam
303 3262 373 3302 vero
398 3241 531 3320 quaestio
552 3241 656 3313 omnm,
681 3259 758 3319 quae
783 3239 821 3300 dc
844 3239 946 3318 aliquo
970 3240 1102 3320 subjecto
1126 3238 1235 3318 agitari

133 3349 239 3417 potest,
253 3337 442 3416 quadruplex
468 3337 639 3416 assignatur
658 3357 705 3396 so:
723 3357 768 3417 an
780 3336 844 3396 att
864 3336 936 3416 qaid
948 3339 1011 3396 aar
1031 3357 1084 3396 car
1105 3347 1136 3396 et
1157 3336 1235 3396 ande

132 3435 195 3494 ort?
216 3433 302 3513 qrrale
315 3435 378 3492 ait?
399 3453 437 3491 ex
452 3432 498 3492 his
511 3431 742 3510 quaestionibus,
759 3451 818 3492 uon
834 3431 889 3492 uisi
905 3442 1044 3511 quartam
1058 3432 1232 3492 solvendam

133 3529 191 3590 sibi
205 3539 302 3589 sumet
323 3529 515 3589 dialecticus:
538 3527 631 3606 (aliae
650 3529 729 3587 enim
757 3528 803 3588 vel
827 3529 865 3588 ad
889 3549 1007 3588 omnem
1033 3530 1232 3608 quaestionem

132 3635 424 3705 praesupponuntur,
440 3625 486 3686 vel
501 3625 678 3686 solutionem
694 3625 896 3698 scientificam,
911 3647 988 3705 quae
1000 3648 1049 3688 ac:
1065 3647 1118 3707 per
1131 3648 1234 3689 causas

133 3723 196 3795 fiat,
210 3721 388 3802 exquirunt)
405 3723 536 3801 inquiret
549 3723 691 3782 nimirum
707 3723 785 3802 ipse:
808 3727 866 3782 “aa
881 3723 1100 3784 daleminatum
1115 3725 1234 3804 aliquod

126 3823 331 3902 maalmam
352 3823 443 3881 alicui
464 3823 613 3881 conveniat
625 3821 785 3900 arbjeaol''
808 3831 842 3882 at
862 3823 1004 3900 quoniam
1028 3821 1232 3900 praedicatum

131 3941 218 3981 ornus
233 3919 280 3979 vel
296 3931 339 3980 est
353 3919 491 3998 definitio,
507 3918 553 3980 vel
563 3921 729 3996 propriam,
742 3920 789 3979 vel
804 3939 903 3996 panau,
914 3931 968 3979 aut
982 3919 1113 3979 accidens
1123 3919 1234 3998 subjec

130 4019 162 4090 ti,
185 4017 231 4078 vel
257 4017 295 4076 ad
323 4017 427 4076 horum
453 4015 568 4095 aliquid
594 4025 769 4086 revocatur,·
790 4015 917 4076 efficitur
941 4015 1011 4076 inde
1031 4017 1230 4095 quaestionem

130 4132 247 4173 omnem
271 4112 459 4173 dialecticam
483 4133 544 4172 esse
559 4112 606 4172 vel
630 4112 815 4191 definitionis,
831 4112 876 4172 vel
897 4115 1024 4192 proprii,
1040 4113 1086 4172 vol
1109 4118 1233 4192 penaria,

128 4210 175 4270 vel
191 4209 356 4284 occidentia,
367 4221 423 4270 aut
437 4220 515 4270 certe
529 4209 568 4269 ad
583 4208 704 4288 aliquod
720 4229 757 4269 ex
773 4208 819 4270 bis
832 4221 963 4290 quatuor
971 4209 1067 4272 modis
1081 4213 1231 4272 revocari:

113 4308 196 4368 'aliis
211 4307 310 4369 verbis
332 4309 464 4387 inquiret
486 4307 670 4369 Dialecticua
684 4327 723 4368 an
749 4308 864 4388 aliquid
889 4309 980 4370 alicui
1005 4311 1164 4372 conveniat
1177 4332 1233 4391 per
1279 4325 1286 4346 ⁹
1312 4323 1316 4330 '

127 4404 249 4464 modum
265 4403 450 4485 definitionis,
465 4404 513 4466 vel
523 4407 652 4483 proprii,
665 4404 715 4466 vel
728 4407 851 4484 aaron,
866 4406 915 4467 vel
929 4405 1091 4468 accidereta
