3358 4952
493 459 539 520 De
559 459 693 520 Secunda
714 459 822 520 Mentis
842 458 1022 538 Opmuttone.
1254 464 1308 521 157

210 656 313 733 i'allor)
332 655 560 734 propositionem
577 654 789 733 particularem
806 655 975 734 negativam
985 657 1108 734 proprie
1122 655 1233 716 dictam
1245 677 1314 716 con-

200 756 373 816 sensionem
388 775 448 815 nou
470 753 588 826 babere,
604 753 659 812 nisi
675 753 796 832 quando
810 753 1015 832 praedicatum
1031 764 1075 813 est
1094 753 1231 813 accidens
1244 752 1313 814 sub·

204 853 289 928 jecti,
303 872 363 930 quo
384 851 415 910 in
430 871 509 923 casu,
524 871 582 910 uon
599 872 632 910 er
646 857 755 909 recturo
769 851 821 922 rei,
834 850 886 910 sad
901 851 1016 910 ratione
1029 860 1147 910 tantum
1165 853 1309 923 materiae,

209 951 341 1009 converti
365 970 447 1028 posse
460 949 636 1026 simpliciter,
652 959 686 1007 ut
699 967 768 1007 cum
783 947 869 1008 dico:

208 1043 349 1124 “Aliquis
379 1045 467 1104 homo
495 1055 612 1103 nonest
639 1044 778 1121 sapiens3
801 1063 866 1121 erpo
881 1044 1008 1122 “aliquis
1035 1045 1152 1124 sapiens
1181 1066 1239 1104 non
1268 1057 1311 1106 est

212 1127 311 1202 bomo.

248 1240 314 1301 197.
357 1240 404 1301 Ut
420 1240 502 1310 haec,
517 1260 603 1319 quae·
616 1240 767 1318 hucusque
781 1240 923 1313 diximus,
940 1229 1017 1300 re'cte
1031 1241 1070 1300 ad
1086 1241 1204 1320 praxim
1220 1241 1309 1300 dedu-

211 1349 328 1408 cantur,
344 1337 500 1397 recolenda
514 1347 592 1408 sunt,
607 1357 683 1416 quae
697 1337 772 1397 aiibi
786 1337 949 1398 docuimus.

249 1433 535 1510 Primo-Quando
549 1435 580 1492 in
596 1435 797 1512 propositione
810 1435 982 1513 affimativa
996 1434 1203 1514 praedicatum
1218 1455 1309 1494 enun-

206 1531 277 1602 ciet,
294 1530 340 1592 vel
356 1529 586 1605 c)—essentiam
602 1531 767 1609 cmnpletnm
788 1531 913 1609 subjecti
929 1531 990 1608 (scz
1011 1541 1056 1592 est
1075 1531 1240 1604 definitio):
1263 1531 1310 1592 vel
1339 1547 1343 1555 ’

204 1627 482 1706 b)-proprietntcm
501 1627 642 1706 subjecti:
676 1627 723 1686 vel
750 1627 966 1705 c)-pueeioues
988 1626 1091 1688 Entis:
1117 1627 1164 1689 vel
1186 1627 1307 1704 d)-est

208 1724 543 1806 terminuseinpulerie,
558 1724 606 1784 vel
630 1723 699 1784 huic
714 1723 914 1802 aequivalens,
928 1733 1001 1784 tuuc
1026 1745 1084 1784 non
1110 1725 1246 1804 equidem
1271 1746 1307 1785 ex

206 1821 415 1900 propositionis
436 1833 554 1894 natura,
569 1821 620 1881 sed
635 1843 668 1880 eu·
683 1829 790 1880 natura
805 1801 856 1894 rei,
870 1821 934 1882 fieri
956 1823 1065 1900 poterit
1079 1824 1231 1884 conversio
1245 1825 1311 1882 cirn-

207 1918 275 1993 pleu
290 1926 333 1993 (n.
351 1917 431 1995 158.)

245 2013 462 2074 Secundo-Si
485 2014 605 2092 quando
620 2014 728 2092 copula
742 2026 785 2074 est
799 2014 892 2074 futuri
908 2016 1058 2094 temporis,
1071 2027 1125 2076 aut
1140 2015 1309 2096 praeteriti:

208 2113 254 2172 vei
279 2134 363 2174 casus
386 2114 500 2192 obliqui
524 2113 726 2174 adnectuntur
748 2113 928 2192 praedicato,
943 2115 1017 2174 hacc
1039 2115 1099 2175 duo
1121 2135 1193 2194 prae
1216 2114 1309 2175 oculis
1380 2141 1384 2149 ·

206 2210 346 2270 habenda
366 2221 444 2270 sunt.
488 2210 602 2286 n)-In
618 2212 698 2270 omni
721 2211 920 2290 propositione
941 2211 1066 2272 verbum
1088 2212 1307 2273 substantivum

205 2307 343 2386 fungitur
357 2327 478 2366 munere
493 2296 617 2388 copulae
631 2316 661 2367 et
680 2307 799 2385 quidem
823 2307 971 2386 praesenti
992 2317 1124 2387 tempore
1140 2311 1184 2386 (n.
1209 2308 1309 2386 151.);

208 2415 326 2465 (uetera
346 2415 457 2477 autem,
472 2425 548 2484 quae
570 2405 766 2465 includuntur
787 2405 919 2478 averbo,
934 2405 973 2465 ad
995 2407 1200 2485 praedicatum
1222 2407 1309 2485 perti-

135 2573 138 2580 Ι
208 2511 288 2562 nent.
331 2501 442 2578 bt-In
465 2503 664 2582 propositione
685 2501 866 2564 affirmativa
888 2504 1092 2582 praedicatum
1108 2515 1151 2564 est
1164 2505 1309 2565 terminus

207 2599 398 2678 particularis
414 2603 478 2678 (nn.
496 2599 561 2660 150.
579 2600 672 2676 loa).
715 2599 921 2675 Quamobrem
942 2609 1041 2661 rectae
1053 2611 1124 2662 sunt
1138 2602 1308 2681 hujusmodi

207 2694 433 2768 couversioncs3

203 2791 332 2852 “Omnis
355 2804 489 2852 mortuus
512 2793 571 2853 fuit
585 2793 688 2854 vivens
709 2803 792 2853 -cst
806 2793 924 2872 aliquis,
938 2794 990 2873 qui
1012 2794 1071 2855 tuit
1084 2795 1205 2856 vivens:
1229 2795 1308 2874 Erpo

204 2887 357 2966 “Aliquis
372 2889 423 2966 qui
438 2889 497 2948 fuit
513 2889 625 2960 vivens,
640 2899 684 2948 est
697 2899 840 2949 mortuus,

204 2985 287 3045 “Hic
302 3007 374 3065 puer
388 2986 445 3047 erit
466 3007 555 3046 senex
577 2999 660 3048 -est
682 2987 800 3048 futurus
822 2969 1034 3068 senex-Erec
1049 2989 1176 3068 “aliquis
1190 2989 1308 3049 futurus

246 3103 336 3143 senex
352 3093 396 3143 est
410 3083 459 3142 hic
475 3104 556 3162 puer.

246 3179 364 3239 “Sortes
385 3179 701 3270 studebitdiligenter
721 3181 843 3258 -Erqo
869 3181 1006 3258 “aliquis,
1020 3183 1072 3262 qui
1097 3182 1228 3243 studebit
1242 3183 1308 3243 dili·

205 3285 310 3350 genter
324 3285 368 3334 est
381 3275 488 3336 Sortes.

247 3369 417 3450 “Martyres
440 3371 561 3432 fuerunt
584 3373 705 3436 invicti:
748 3375 829 3451 Erpa
844 3375 966 3454 “aliqui¹
980 3377 1032 3455 qui
1055 3377 1178 3438 fuerunt
1191 3379 1307 3453 invicti,

207 3477 279 3527 sunt
293 3479 447 3548 martyres.

245 3565 573 3646 Tertio-Aliquando
589 3555 619 3626 in
641 3569 831 3629 conversione
845 3572 1059 3650 exprimendus
1074 3581 1118 3632 est
1138 3563 1244 3645 Statua
1259 3572 1307 3633 vel

203 3664 417 3743 exprimendae
437 3675 507 3725 eunt
528 3665 607 3725 eliae
628 3665 822 3726 terminorum
839 3670 1038 3746 proprietates,
1054 3668 1307 3746 quemadmodum

203 3779 296 3838 supra
309 3761 481 3820 monuimus
495 3773 524 3820 ct
547 3763 712 3840 peregimus
727 3776 791 3840 (nn.
811 3763 1010 3840 lucane).
1052 3747 1143 3824 Sic'v.
1158 3786 1186 3842 g.

204 3856 321 3916 “Omne
335 3856 434 3916 ridens
448 3869 492 3918 est
514 3858 601 3918 homo
622 3858 787 3929 -“Omne‚
803 3860 883 3938 quod
892 3860 964 3938 suit,
978 3871 1033 3921 aut
1047 3867 1093 3933 est,
1108 3872 1162 3921 aut
1176 3863 1240 3934 ord,
1254 3873 1308 3921 aut

196 3961 288 4031 potest
301 3975 361 4014 esse
383 3953 481 4014 ridens
495 3965 538 4014 est
560 3955 664 4014 bomo:
709 3955 792 4034 Erpo
807 3956 934 4035 “aliquis
956 3957 1044 4016 homo
1058 3967 1102 4017 est
1122 3957 1239 4036 aliquis,
1254 3958 1305 4037 qui

204 4051 249 4112 vel
269 4051 339 4129 suit,
355 4052 402 4112 vel
429 4059 475 4123 est,
491 4051 615 4124 velerit,
632 4052 678 4112 vel
694 4073 750 4112 eece
760 4059 852 4130 potest
866 4053 972 4114 ridens.
1036 4055 1123 4130 Quae
1144 4055 1306 4135 propositio

203 4159 265 4208 tam
280 4149 446 4209 necessaria
460 4158 512 4221 est,
527 4169 619 4228 quam
634 4149 742 4229 prima.

244 4245 588 4322 Quaeres—Quomodo
609 4253 824 4307 convertantur
848 4246 1066 4326 Propositionoe
1091 4247 1251 4308 Medates!
