3138 4956
339 429 396 488 296
834 427 951 505 [apim.

337 623 454 682 notione
466 621 533 694 Dei,
544 642 634 700 qnam
646 621 818 700 suppeditat
832 620 1048 700 Metaphysica
1079 621 1333 700 Ergo-Exinde
1343 625 1427 684 etiam

338 719 493 778 innotescit
507 717 732 797 Metapbysicae
747 737 818 796 prae
832 717 935 776 ceteris
949 717 1126 778 excellentia
1143 722 1254 778 ruliorte
1271 723 1427 798 prisseipin-

338 839 409 876 runi.
452 815 538 876 Haec
559 817 639 876 enim
663 815 797 876 maxima
819 835 856 874 ex
880 825 964 892 parte
986 836 1023 874 ex
1046 815 1218 876 notionibus
1240 816 1431 888 efflorescunt,

337 933 412 990 ulnae
426 934 585 972 coirrmunes
598 923 667 973 sunt
681 909 811 972 muudus
826 909 945 983 sortitu,
959 932 994 971 uc
1010 912 1134 990 proinde
1149 917 1273 974 innurem
1290 918 1433 974 uniusau-

337 1013 415 1069 lr'tue
443 1011 585 1070 fruuntur
612 1019 641 1070 et
661 1007 888 1088 fundamendum
917 1010 1060 1088 praebent
1088 1010 1243 1089 principiis
1268 1025 1429 1072 ‹eterarnm

335 1108 534 1167 scientiarum.
577 1105 660 1166 Hinc
675 1105 716 1177 fit,
731 1105 810 1184 quod
834 1117 947 1165 ceterae
970 1106 1109 1166 scientiae
1132 1107 1342 1186 Metapbysica
1357 1108 1428 1166 indi·

336 1218 433 1284 geant,
449 1223 563 1282 nempe,
579 1215 612 1263 ut
632 1179 772 1263 bbserrat
794 1201 951 1262 Tolctns:”
973 1203 1075 1262 Primo
1090 1224 1124 1262 eu
1143 1211 1229 1281 purte
1250 1203 1431 1282 ucbjeetonuu

337 1301 471 1378 indigent
494 1299 701 1378 Metaphysica
721 1299 892 1360 stabiliente
907 1300 978 1372 Em,
993 1299 1199 1374 &dominium
1215 1303 1359 1362 Accidens
1372 1316 1432 1363 etr:

336 1418 421 1476 qnae,
446 1397 501 1456 nisi
525 1408 629 1470 essem,
653 1395 787 1475 subjecta
812 1395 926 1475 reliqua
955 1397 1277 1460 ruerent-Secundo:
1302 1400 1430 1478 indigent

338 1495 415 1552 illius
434 1489 635 1570 pusionibus:
657 1513 744 1571 saepe
758 1493 836 1552 enirn
851 1492 888 1552 de
902 1515 969 1565 uuo,
985 1493 1021 1552 de
1043 1494 1149 1566 multu,
1164 1495 1201 1554 dc
1225 1496 1384 1570 ideruimu,
1397 1495 1432 1555 de

336 1592 505 1662 ‹liversitcle
520 1590 557 1650 de
571 1597 634 1662 toto,
648 1587 877 1668 deperiisset
891 1589 1038 1650 similibus
1049 1590 1190 1651 scientiae
1205 1601 1346 1662 tractant,
1357 1611 1430 1668 quac

337 1687 539 1767 metaphysica
562 1685 799 1748 sunt—Tertio:
831 1687 975 1764 indigent,
998 1687 1068 1765 quia
1093 1687 1194 1747 nullae
1219 1687 1429 1766 propositione

337 1788 428 1846 ullam
444 1787 506 1846 vim
523 1785 713 1864 probativum
728 1785 881 1856 baberent,
896 1785 953 1844 nisi
969 1787 1000 1844 in
1014 1787 1124 1858 irai-tute¹
1134 1785 1281 1862 principii
1305 1789 1430 1860 (connu-

335 1885 486 1958 dictionis)
516 1880 677 1962 “podluu
703 1889 751 1954 est,
778 1883 822 1942 uel
848 1903 905 1942 rien
934 1882 1163 1958 eald-Quarto
1198 1881 1344 1958 indigent,
1364 1880 1430 1958 quia

337 1982 474 2041 veritates
489 1979 665 2057 depretiatam
681 1978 877 2057 peculiarium
894 1979 925 2037 in
938 1981 1042 2038 simule
1057 1978 1265 2036 uniuersalium
1280 1977 1431 2036 nituntur:

336 2091 364 2138 et
379 2079 434 2138 hoc
448 2097 532 2137 sensu
550 2075 759 2155 Metaphysica
773 2075 884 2135 dicitur
893 2073 1021 2153 probare
1029 2075 1182 2152 priiucipia
1196 2074 1327 2134 aliarum
1343 2066 1430 2134 scien-

337 2177 456 2246 tiarum,
481 2175 552 2253 qnia
574 2174 645 2232 dnm
669 2193 723 2232 sna
746 2173 854 2252 probat
876 2171 964 2232 simul
987 2173 1048 2231 alia
1076 2171 1199 2250 pmbat:
1222 2183 1254 2231 nt
1279 2193 1306 2230 v.
1329 2194 1356 2248 g.
1380 2171 1428 2248 qui

337 2279 441 2330 “mnne
468 2269 581 2330 animal
609 2268 748 2329 sensibile
775 2269 852 2328 esse”
883 2268 998 2346 probat,
1026 2267 1116 2326 simul
1143 2268 1233 2327 etiam
1263 2267 1429 2326 “hominem

335 2367 501 2428 sensibilem
524 2366 602 2426 aese”
618 2364 733 2444 probat,
749 2386 807 2424 non
830 2366 862 2424 in
880 2367 1005 2442 propriu
1023 2364 1141 2441 sor-inc,⁸
1162 2363 1205 2423 ita
1228 2364 1341 2441 pariter
1361 2363 1429 2421 dnm

337 2463 560 2542 Metaphysicus
587 2461 703 2523 stabilit
730 2481 799 2522 suas
833 2481 1003 2522 communes
1031 2461 1192 2540 dignitates
1219 2471 1249 2520 et
1277 2461 1431 2540 principia,

334 2560 449 2620 stabilit
464 2559 612 2631 inferiora,
626 2559 677 2620 sed
692 2579 751 2620 non
766 2561 800 2618 iu
816 2561 942 2637 propriu
957 2559 1055 2636 sorum
1073 2559 1252 2636 pausaturi
1265 2557 1430 2618 eudemon-

334 2669 424 2718 strat:
447 2657 507 2716 imo
530 2677 583 2716 nec
601 2677 656 2717 sna
677 2676 792 2735 seraper
815 2656 1009 2726 domonstrat,
1023 2675 1138 2732 nempe,
1152 2675 1228 2733 quae
1247 2675 1344 2732 perse
1366 2661 1429 2712 riute

335 2765 413 2827 sunt,
426 2754 477 2814 sed
491 2773 510 2814 a
524 2753 641 2814 cavillis
662 2753 790 2814 aliorum
806 2753 947 2824 defendit,
961 2763 991 2813 et
1004 2763 1109 2814 contra
1125 2763 1266 2831 negantes
1280 2773 1315 2813 ea
1330 2753 1429 2812 dieue
1534 2791 1535 2802 ,

335 2855 386 2911 tire
399 2861 429 2912 et
443 2851 483 2910 ad
496 2850 669 2929 impossibile
681 2851 844 2912 reducendo
860 2850 1038 2912 invehitur.''
1081 2851 1123 2924 (l.
1139 2849 1218 2910 Post
1235 2850 1347 2927 Analy.
1362 2871 1386 2910 c.
1402 2851 1426 2910 7.

335 2971 362 3025 q.
380 2946 507 3022 1.)—Cf.
524 2947 588 3023 (nn.
604 2946 672 3006 324.
687 2945 769 3022 340.)

376 3044 443 3102 347.
486 3041 637 3104 Probatur
650 3043 677 3102 3.
692 3042 861 3104 amartiords
875 3042 1025 3120 para—Si
1040 3041 1178 3116 objectum
1193 3043 1282 3104 unius
1294 3043 1432 3104 scientiae

336 3161 399 3199 rum
427 3147 493 3200 auu
519 3139 642 3200 alterius
670 3139 849 3212 conferatur,
862 3140 995 3212 scientia,
1016 3141 1065 3200 cui
1092 3149 1206 3200 ceterae
1233 3139 1359 3212 subsint,
1372 3163 1431 3200 esse

338 3249 432 3316 potest
445 3236 496 3298 sub
513 3243 637 3316 respectu
652 3237 761 3298 diuerso
776 3247 838 3297 tum
857 3237 987 3309 Marullo,
999 3247 1062 3296 tum
1080 3237 1198 3314 Inpios,
1208 3247 1272 3297 tum
1289 3235 1433 3315 Metapinu-

335 3357 443 3394 uec.-

378 3431 418 3491 Et
441 3432 670 3510 primoquidem
688 3431 810 3492 Moralis
833 3441 963 3511 praestat
985 3434 1096 3492 rotr'uue
1115 3432 1189 3510 finis
1206 3433 1335 3510 madaba
1349 3434 1432 3490 odiri·

335 3529 601 3606 peudi.-Dissarit
614 3529 693 3588 enim
708 3529 744 3588 de
757 3525 856 3589 ultimo
863 3530 926 3608 fine
940 3529 1069 3590 hominis
1082 3543 1112 3589 et
1126 3529 1161 3589 de
1170 3529 1343 3607 praeludia,
1357 3549 1432 3608 quae
1532 3605 1533 3608 Ἴ

335 3627 374 3686 ad
398 3626 479 3686 hunc
503 3625 590 3686 finem
615 3626 737 3704 dirigit:
759 3627 843 3705 atqui
860 3627 933 3705 fiur's
956 3627 1075 3686 adtimus
1098 3638 1141 3686 est
1165 3625 1272 3704 regula
1299 3627 1431 3686 omnium

335 3723 440 3782 finium
463 3722 647 3794 infcriomm,
660 3733 690 3782 et
707 3721 868 3799 purumne
883 3733 1047 3800 temperare
1071 3721 1159 3782 debet
1181 3741 1282 3782 omnes
1306 3722 1434 3782 actiones

337 3821 483 3880 humanas
496 3829 586 3897 atque
611 3817 676 3878 ideo
700 3818 847 3878 muntium
869 3821 979 3896 ipsam:
1000 3839 1071 3896 ergo
1086 3817 1220 3890 Moralis,
1234 3819 1291 3879 sub
1305 3819 1363 3878 boc
1378 3839 1431 3878 res·

336 3926 432 3994 pectn,
443 3917 722 3993 imperiumexercet
737 3914 765 3973 in
781 3923 893 3975 ceterae
906 3915 1051 3986 scientias,
1064 3916 1218 3994 imperium
1234 3917 1356 3995 inquam
1375 3935 1431 3976 non

336 4011 563 4090 speculativum,
584 4011 635 4072 sed
659 4013 829 4090 proauum,
843 4021 990 4091 quatenus
1018 4035 1069 4073 sc:
1091 4013 1190 4074 dictat
1210 4013 1323 4074 bonnm
1350 4035 1433 4075 usum

333 4106 482 4178 scientiae,
497 4127 532 4168 ac
554 4108 686 4186 proinde,
700 4119 846 4187 qnatenus
861 4109 980 4189 respicit
1004 4131 1077 4189 opus
1098 4111 1247 4180 scientiae,
1274 4112 1370 4191 magis
1394 4123 1425 4171 nt

335 4216 378 4268 est
392 4225 463 4284 apua
476 4207 638 4278 eleuatis,
651 4229 741 4286 quam
757 4209 961 4270 inausum.-
