3138 4956
471 411 520 472 Dc
544 411 641 473 Tertio
663 411 772 474 Menta'a
797 411 977 492 spamam.
1214 415 1272 480 331

210 606 279 666 375.
321 604 501 666 I.-Muuio
527 605 849 686 Defenderam—“Qui
876 607 983 668 thesim
1006 608 1147 683 defendit,
1166 611 1274 690 ¹audito

172 703 348 782 opponentis
356 713 542 782 argumento,
553 713 650 764 totum
660 704 746 764 cernel
758 713 875 783 repetat
887 725 978 786 quam
989 705 1166 780 fidelissimo,
1178 707 1272 770 nullis

171 800 315 861 adhibitis
335 801 653 863 animadversionibus.
695 801 897 880 Regrediatur
917 802 1026 863 deindo
1039 803 1078 863 ad
1100 804 1271 883 argumenti

171 897 300 968 initium,
315 907 344 956 et
358 897 395 957 de
410 907 471 957 toto
485 907 662 978 argumento
676 917 712 958 ac
725 898 763 958 da
780 897 907 976 singulis
922 897 1172 977 propositionibus
1187 899 1268 978 judi-

171 1005 224 1054 cet.
265 992 298 1052 Si
313 993 342 1052 in
358 1003 535 1072 argumento
550 996 748 1073 consequentia
761 993 956 1066 desideratur,
969 997 1079 1054 omittat
1083 995 1223 1072 judicare
1233 996 1271 1056 de

170 1091 338 1168 praemissis
351 1100 381 1150 et
394 1093 622 1170 coctaequentium
635 1097 725 1169 neget.
766 1089 799 1150 si
813 1109 884 1151 vero
898 1092 1130 1176 argumentandi
1142 1093 1271 1154 redusit

169 1193 276 1265 jorata,
290 1187 328 1248 de
341 1187 467 1266 singulis
485 1187 602 1268 judicet
615 1186 883 1267 propositionibus:
904 1189 1039 1248 concedat
1061 1209 1172 1263 veram,
1186 1197 1269 1270 neget

171 1282 277 1343 falsam
306 1283 490 1362 simpliciter,
518 1303 572 1344 nec
597 1285 741 1344 rationem
768 1283 863 1343 addat
885 1283 1069 1363 negationis;
1090 1303 1165 1345 onus
1188 1285 1267 1345 enim

171 1379 318 1458 probandi
334 1380 481 1440 incumbit
495 1381 684 1442 adversario:
699 1401 776 1460 quae
790 1381 828 1442 ad
844 1401 905 1442 rem
920 1402 980 1443 non
994 1383 1076 1456 facit,
1086 1385 1269 1457 tractamur,

170 1491 204 1540 ut
227 1492 397 1540 assumatur
418 1489 573 1558 tamquam
596 1500 749 1541 concessa:
773 1479 881 1556 siqua
903 1480 1023 1541 demum
1046 1481 1208 1560 propositio
1228 1481 1269 1542 sit

167 1577 320 1655 ambigua,
334 1595 400 1636 eam
426 1575 595 1654 distingunt,
610 1576 772 1636 concedens
791 1595 908 1636 sensum
931 1575 1139 1656 propositionis
1153 1596 1267 1650 verum,

168 1686 198 1734 et
212 1693 324 1753 negans
338 1672 455 1733 lialsum.
499 1673 590 1749 Quod
604 1674 629 1734 si
643 1693 736 1732 unum
752 1673 800 1734 vel
815 1673 944 1734 alterum
965 1673 1163 1735 distinctionis
1176 1693 1267 1734 mem·

169 1770 254 1831 bruni
270 1771 403 1849 aliquam
418 1770 519 1830 adhuc
532 1771 637 1831 offerat
647 1770 886 1850 ambiguitatem,
900 1770 1044 1832 adhibeat
1055 1770 1264 1832 subdistinctio·

166 1865 396 1927 ncru.-Datam
417 1865 649 1939 distinctionem,
663 1867 720 1926 nisi
734 1865 900 1927 clarissima
913 1867 962 1940 sit,
976 1866 1143 1928 declarabit
1155 1877 1186 1928 et
1199 1887 1268 1928 con-

163 1963 304 2024 firmabit.
345 1964 377 2025 si
400 1985 467 2024 eum
495 1963 683 2024 adversarius
705 1963 742 2024 de
765 1965 906 2043 quopiam
929 1963 1134 2045 interrogabit,
1150 1976 1266 2046 repetat

164 2061 426 2141 interrogationem
441 2061 531 2122 semel
553 2071 644 2140 atque
658 2061 776 2133 iterum,
789 2081 826 2122 ao
840 2061 1025 2141 respondeat,
1038 2063 1102 2124 sivo
1114 2062 1264 2125 affirman-

165 2158 212 2229 do,
227 2158 290 2218 sive
304 2159 450 2238 negando,
464 2160 528 2220 sivo
548 2158 758 2238 permittendo,
771 2159 835 2221 sive
848 2159 1087 2239 distinguendo.’'
1127 2161 1201 2222 Tria
1215 2162 1264 2226 bic
1289 2221 1294 2232 ,

161 2256 334 2316 adnotanda
348 2257 481 2316 veniunt

204 2354 338 2414 Primum
359 2353 648 2433 ast-Ambiguitaa
667 2353 876 2433 propositionis
892 2364 956 2414 tunt
973 2353 1003 2413 in
1021 2354 1114 2416 madio
1130 2356 1260 2430 termino,

163 2465 226 2512 tum
239 2455 274 2511 in
285 2459 470 2512 extremorum
481 2453 570 2511 cltcro
581 2451 674 2511 lutera
684 2461 787 2530 potest.
808 2450 841 2511 Si
855 2450 1037 2530 ambiguitas
1045 2452 1120 2512 latet
1128 2453 1160 2512 in
1169 2452 1262 2513 medio

161 2551 291 2622 terra-ina
305 2549 517 2628 distinguenda
530 2557 574 2608 est
587 2558 651 2607 tum
666 2547 837 2626 Proposita‘o,
848 2557 913 2608 tum
928 2547 1103 2627 Amumptio,
1113 2557 1204 2628 atquc
1217 2549 1261 2610 ita

159 2659 194 2704 nt
208 2645 288 2724 quod
311 2655 439 2724 negatur
459 2645 489 2704 in
513 2645 626 2724 mojori,
641 2644 807 2704 affirmetur
827 2645 858 2704 in
881 2645 998 2716 minori,
1011 2653 1042 2705 et
1062 2644 1209 2706 vicissim:
1230 2653 1262 2706 at

164 2751 266 2818 postea
282 2740 419 2819 neganda
432 2741 490 2801 erit
502 2741 678 2820 simpliciter
690 2744 897 2822 consequentia.
937 2741 984 2802 Sit
996 2742 1177 2822 exemplum.

257 2877 265 2950 f
281 2869 522 2963 Notiocabibens
536 2869 658 2950 aliquid,
674 2869 750 2949 parad
763 2869 872 2930 dicitur
885 2869 920 2930 da
928 2869 1074 2949 pluribus,
1083 2880 1128 2932 est
1141 2871 1258 2934 univor-

281 2951 473 3170 Atqugubtio
488 3029 646 3091 collectiva
656 3029 766 3090 aclaibct
773 3029 896 3110 ulipcicl,
910 3029 986 3110 quod
999 3031 1108 3091 dicitm·
1117 3031 1154 3092 dc
1160 3033 1259 3110 pluri·

399 3131 413 3170 ⁸
422 3131 433 3181 ι’

278 3190 361 3269 Ergo
376 3191 457 3251 notio
471 3190 630 3252 collectiva
643 3200 688 3251 ast
702 3190 886 3252 universalis.

157 3322 326 3382 Defendens
340 3334 471 3381 resumat
484 3331 694 3400 argumentum
708 3331 739 3381 ot
752 3320 809 3382 hoc
823 3321 911 3381 modo
925 3320 1099 3401 distinguat

196 3417 357 3496 Dictinpuo
371 3417 522 3496 llcjorcm.
565 3416 676 3477 “Notio
690 3416 834 3477 exhibens
854 3416 980 3495 aliquid,
993 3417 1074 3496 quod
1094 3417 1206 3478 dicitur
1218 3417 1257 3478 da

159 3513 296 3593 pluribus
324 3513 512 3586 disin'butr'ce,
539 3523 582 3573 est
609 3513 691 3573 notio
715 3511 928 3584 universalis;’'
954 3511 1082 3575 Concedo
1103 3513 1253 3594 Majorara

155 3611 266 3670 “Notio
280 3610 424 3670 exhibens
438 3609 564 3689 aliquid,
575 3609 654 3688 quod
664 3609 776 3670 dicitur
785 3608 823 3670 de
836 3608 974 3688 pluribus
982 3609 1071 3670 simul
1081 3611 1202 3690 sumptis
1209 3618 1254 3672 est

153 3707 358 3768 universalis.”
400 3706 647 3785 NepoMajorara

197 3803 455 3881 Contradiatiupuo
482 3801 763 3864 minorem.-Notio
790 3802 949 3866 collectiva
981 3803 1105 3865 exbibet
1125 3802 1252 3883 aliquid,

156 3903 235 3980 quod
264 3901 375 3961 dicitur
402 3901 439 3960 de
474 3900 611 3979 pluribus
637 3900 725 3960 simul
755 3900 902 3978 sumptic.”
949 3899 1077 3963 &accedo
1102 3903 1251 3964 tniaorcm.

153 3999 267 4059 “Notio
288 3997 447 4058 collectiva
461 4041 602 4057 .......
618 3995 798 4057 dictaturae
816 3997 964 4074 camptic.”
1006 3997 1088 4077 Nego
1100 3999 1250 4060 mitterent

194 4094 276 4173 Ergo
290 4105 353 4154 etc:
375 4093 458 4171 Nego
472 4093 705 4173 consapientium.

146 4190 178 4250 si
195 4211 265 4250 vero
279 4190 463 4269 ambiguitas
484 4192 558 4251 latet
572 4191 602 4249 in
616 4190 712 4251 altero
725 4201 938 4266 extremorum,
952 4203 1025 4254 tuno
1037 4193 1251 4274 distinguenda

147 4287 204 4348 erit
232 4289 402 4365 promisca,
429 4289 460 4347 in
489 4308 549 4366 qua
577 4287 653 4348 illud
681 4287 852 4349 invenitur:
873 4289 1063 4351 concedenda
1086 4291 1199 4368 altam
1219 4300 1252 4354 at
