3172 4950
356 453 396 512 te
492 407 499 425 ι
675 443 679 452 “
852 449 972 530 Lopirrr.

356 648 532 725 intelligitur
555 668 645 725 agens
667 667 765 725 egere,
789 667 881 725 qoem
904 645 1018 724 aliquid
1042 666 1061 705 u
1083 667 1113 704 se
1137 645 1220 722 perir
1238 653 1267 704 et
1291 643 1333 704 sie
1359 643 1461 722 pressio

355 744 465 804 dieitur
479 744 590 822 effectu
604 744 750 804 aetionis.”
793 743 917 802 Summa
934 743 1064 822 Logioue
1079 743 1135 820 Op.
1152 745 1200 802 tt.

395 839 632 900 Tertio—Haeo
654 840 714 900 trie
735 861 783 899 se:
804 839 900 910 Aetio,
913 840 1024 910 Pensio,
1037 821 1318 915 Motue,'<surnendo
1339 850 1451 896 motum

355 938 568 1016 perronnetus
591 957 648 1016 pro
660 921 766 1015 queris
780 936 956 1006 mutatione,
968 937 1032 996 sive
1044 937 1221 1004 suctfflsire,
1233 935 1295 994 sive
1311 933 1452 994 instanto-

356 1050 424 1104 ueu)
442 1035 472 1094 iu
487 1054 591 1094 renen
606 1033 832 1112 distinguuntur
854 1035 1000 1092 entitotiue
1011 1032 1030 1090 i.
1045 1052 1068 1091 e.
1085 1051 1143 1090 non
1157 1043 1229 1090 suut
1242 1041 1300 1090 tres
1314 1029 1451 1089 entitate-¹

300 1181 303 1190 ,
355 1132 531 1200 diuinorum
551 1140 595 1191 est
616 1131 695 1190 enim
716 1130 819 1190 eedem
843 1129 950 1200 forma,
962 1149 1039 1207 <pune
1053 1139 1142 1206 prout
1156 1135 1194 1186 er
1208 1127 1246 1186 ut
1260 1134 1372 1204 ufforde,
1385 1125 1458 1184 diri-

355 1242 404 1290 tur
418 1229 519 1298 Actim
544 1237 631 1308 prout
644 1219 786 1305 recipitur
796 1229 829 1286 in
839 1227 976 1304 patierete.
991 1226 1103 1286 dicitur
1120 1226 1239 1294 Ponte·
1262 1233 1352 1302 prout
1365 1241 1409 1284 est
1424 1227 1451 1281 iu

348 1328 425 1402 fieri,
440 1325 551 1385 dieitur
582 1324 684 1384 Motus
727 1323 818 1386 Unde
845 1323 886 1384 D.
909 1323 965 1384 Th.
989 1323 1052 1393 ait,·
1079 1324 1127 1383 “iu
1143 1323 1259 1384 notione
1274 1323 1455 1401 importatur

358 1433 514 1500 rmpeutus,
527 1430 561 1480 ut
575 1443 594 1479 n
608 1441 664 1500 qno
677 1433 720 1480 est
739 1429 836 1480 motus
850 1421 881 1480 in
896 1419 1020 1490 mobiii;
1040 1419 1071 1479 in
1096 1420 1231 1498 passione
1252 1439 1336 1490 vero,
1349 1431 1382 1478 ut
1402 1419 1451 1496 qui

355 1517 448 1577 estod
462 1516 539 1576 ulio”
556 1519 581 1576 l.
597 1538 624 1595 p.
639 1538 668 1594 q.
685 1517 731 1576 28.
747 1537 765 1576 a
781 1517 807 1576 2.
822 1517 861 1576 nd
877 1515 956 1576 Ium.

396 1611 611 1689 Quarto-Ne
633 1612 742 1672 inseres
758 1624 855 1671 temen
881 1611 980 1690 Aperte
992 1611 1040 1672 rel
1061 1611 1202 1670 Patiens:
1222 1619 1276 1670 sut
1296 1608 1391 1687 ripere
1406 1609 1453 1668 rel

360 1713 432 1771 Pau
446 1731 506 1770 esse
521 1710 640 1772 realiter
651 1709 748 1769 idem:
768 1729 839 1770 nem
853 1709 997 1789 subjecte,
1006 1729 1083 1788 quoe
1097 1709 1339 1781 denominantur,
1352 1708 1420 1768 lieet
1435 1729 1454 1766 o

355 1810 451 1868 formo
479 1807 586 1880 cudero,
610 1807 728 1866 diverso
757 1817 857 1867 temen
885 1805 974 1866 modo
996 1805 1191 1877 considerate,
1214 1805 1455 1865 denominentur.
1525 1864 1531 1878 ,

354 1915 423 1964 sunt
437 1903 572 1975 diverse;
593 1912 623 1963 et
637 1903 892 1964 denominationes
905 1903 1037 1964 diverses
1051 1903 1225 1964 sortiuntur.

395 1999 441 2058 &i
484 1997 598 2058 Divisio
610 1997 881 2060 Antinum—Aetio
889 1999 1165 2078 praedioameutalis
1174 2000 1322 2061 dividitur
1332 2000 1364 2059 in
1374 2010 1456 2061 tran-

354 2107 486 2154 seuntem
501 2104 531 2155 et
544 2095 764 2157 immanentem.
806 2097 898 2158 Aetio
918 2099 1063 2158 irmiricus
1075 2107 1118 2158 est
1132 2096 1196 2170 itta,
1211 2099 1453 2177 “quoe-prooedit

355 2193 393 2252 ub
408 2205 513 2272 agente
527 2192 557 2252 in
573 2213 635 2252 rem
656 2194 843 2265 exteriorem,
857 2213 948 2272 quam
970 2203 1161 2265 transmutet,
1175 2207 1205 2255 et
1225 2195 1299 2255 hese
1313 2205 1357 2256 oet
1377 2195 1452 2255 sieut

355 2291 535 2378 illuminare,
560 2310 636 2368 quae
660 2289 749 2350 etiem
775 2292 849 2350 ontio
874 2291 991 2370 proprie
1015 2291 1152 2351 dieitur.”
1197 2289 1361 2350 Itomaoern
1383 2310 1455 2348 vero

355 2389 433 2448 notio
447 2400 490 2448 est
504 2393 600 2466 “qnae
621 2407 680 2446 non
702 2387 836 2466 procedit
857 2388 889 2448 iu
913 2409 973 2448 rem
998 2387 1185 2460 exteriorem,
1199 2387 1249 2447 sod
1263 2396 1323 2448 stet
1337 2387 1368 2446 in
1390 2387 1455 2466 ipe»

306 2521 313 2531 ·
354 2497 461 2564 ugente
474 2495 507 2544 ut
529 2484 670 2563 perfectio
683 2483 754 2562 ejuS,
768 2494 798 2546 et
819 2485 893 2546 haec
915 2485 1037 2564 proprie
1051 2485 1164 2546 dieitur
1185 2487 1320 2562 operatio,
1338 2496 1368 2544 et
1381 2483 1455 2543 hae*

357 2595 399 2640 ost
420 2581 496 2643 siout
521 2580 627 2640 lucere
670 2578 739 2640 Hae
763 2589 863 2640 eutem
888 2581 966 2642 duae
990 2581 1120 2642 notiones
1142 2582 1170 2640 iu
1194 2581 1249 2641 hoe
1270 2582 1451 2642 conveniunt

357 2677 436 2755 quod
451 2689 579 2756 utreque
592 2696 652 2736 non
666 2675 856 2755 progreditur
870 2677 926 2736 nisi
941 2675 982 2738 ab
996 2677 1141 2738 existente
1155 2680 1188 2738 iu
1202 2684 1276 2751 aeto,
1290 2677 1452 2738 seeundum

355 2772 594 2850 quodestaetofl
636 2771 664 2831 S.
681 2769 736 2831 Th.
753 2769 814 2851 (qq.
831 2771 901 2832 DD.
917 2771 1114 2834 DeVeritete
1131 2775 1157 2833 8.
1173 2793 1199 2834 a.
1215 2771 1260 2848 6.)
1301 2771 1451 2832 Differnnt

259 2948 263 2958 Ι
358 2889 425 2928 rero
440 2869 470 2927 in
486 2867 612 2946 eoquod
635 2868 801 2928 immanens
814 2869 848 2928 in
862 2874 972 2946 tepente,
987 2868 1131 2930 transiens
1145 2869 1179 2928 in
1188 2870 1319 2948 potiente
1333 2869 1455 2947 reeipie-

357 2981 412 3026 tor.
454 2965 599 3026 Advertit
615 2975 716 3026 tamen
738 2963 848 3026 Suarez
870 2965 967 3044 quod:
989 2967 1173 3026 “immanens
1194 2967 1313 3044 proprie
1335 2978 1452 3026 tentum

357 3062 409 3122 iilo
431 3061 550 3132 divitur,
565 3081 641 3137 quae
656 3061 822 3138 ¹torrnoliter
844 3073 944 3122 mouet
958 3062 988 3120 iu
1004 3062 1105 3122 eedem
1125 3065 1256 3138 potentio
1275 3064 1419 3140 proeium,
1434 3084 1452 3120 u

355 3180 415 3238 que
429 3159 556 3226 elicitur,
570 3178 704 3236 quaeque
726 3179 759 3218 er
772 3179 823 3217 stro
845 3179 949 3235 periere
963 3159 1031 3218 talis
1045 3171 1098 3230 est,
1113 3172 1146 3218 ut
1169 3179 1332 3237 ruunquam
1349 3161 1378 3218 in
1394 3159 1455 3219 olio

354 3255 486 3334 subjecto
500 3255 562 3314 tieri
578 3255 679 3332 possit,
692 3265 722 3314 et
737 3255 792 3314 hoe
807 3255 895 3316 modo
918 3265 1035 3316 tentum
1061 3257 1192 3316 actiones
1214 3255 1408 3334 cognoscendi
1423 3275 1449 3316 et

355 3353 476 3413 nmnudi
491 3363 560 3410 suut
575 3351 778 3422 immanentes,
790 3353 819 3411 iu
836 3351 944 3430 quibus
960 3352 1046 3430 piore
1057 3353 1169 3412 dautur
1180 3373 1288 3428 genero
1299 3363 1328 3413 et
1342 3356 1452 3431 speeies

355 3451 514 3512 notionum.
530 3495 536 3508 .
553 3495 559 3508 .
575 3494 582 3508 .
599 3448 773 3528 Aliquando
794 3471 866 3508 vero
888 3449 1061 3508 extenditur
1082 3470 1186 3508 nomeu
1213 3450 1337 3508 sotionis
1352 3451 1456 3508 imum·

356 3549 450 3608 uentis
465 3547 503 3606 sd
519 3567 635 3606 omnem
659 3545 753 3618 illam,
767 3567 844 3625 quae
858 3547 888 3606 iu
902 3548 1054 3624 drrprpoeito
1076 3558 1216 3626 operante
1231 3555 1341 3618 munet,
1355 3559 1384 3606 et
1399 3547 1456 3605 iun·

355 3646 442 3707 modo
456 3665 557 3705 omne·¹
572 3655 667 3704 motus.
681 3643 779 3702 vidales
789 3654 818 3702 et
830 3643 1000 3702 nutritionis
1011 3655 1040 3702 et
1051 3643 1301 3720 eugmemntiouis
1313 3653 1343 3702 et
1357 3657 1453 3702 motus

327 3786 328 3792 .
354 3743 443 3804 etiem
460 3739 561 3800 loueiis
585 3738 784 3800 animantium
808 3727 931 3816 pssunt
944 3737 1002 3798 diei
1027 3739 1241 3798 immanentes.
1261 3749 1336 3798 ..at
1349 3739 1455 3816 impro-

352 3840 511 3919 prie,quin
536 3837 605 3897 lieet
628 3837 688 3896 siut
712 3835 742 3894 in
768 3836 869 3894 eodem
894 3835 1055 3913 supposito,
1080 3855 1138 3894 nou
1166 3851 1264 3896 tomen
1290 3835 1452 3896 secundun-r

354 3937 481 4000 eamdem
491 3942 614 4010 purtem,
626 3933 673 3994 vel
689 3953 747 3994 non
758 3933 920 3993 secuudum
931 3931 1058 3992 eamdem
1067 3933 1224 4010 potentium
1235 3932 1355 3991 sutrim
1369 3953 1456 4008 open-

354 4035 387 4095 (ἰί
401 4081 407 4096 .
423 4082 429 4096 .
446 4083 452 4094 .
481 4044 570 4112 otpue
585 4031 628 4092 ite
643 4031 763 4110 propria
776 4029 855 4090 sotio
870 4031 1035 4090 immanens
1048 4029 1143 4088 solum
1160 4029 1190 4087 iu
1207 4028 1349 4089 vitalibus
1363 4029 1454 4088 attio-

355 4132 441 4194 uibus
463 4129 624 4202 invenitur,
646 4127 783 4206 quamvis
806 4147 865 4186 uon
887 4133 1075 4197 eorrrrertotur,
1090 4125 1161 4204 quio
1184 4146 1242 4184 nou
1257 4125 1352 4184 omnis
1376 4126 1455 4184 ectio

355 4230 455 4292 vitalis
469 4239 513 4290 est
534 4227 710 4300 immanens,
724 4227 754 4287 in
779 4226 960 4304 proprietate
978 4225 1042 4304 jem
1058 4225 1167 4286 dieta?
1210 4223 1248 4285 D.
1264 4223 1307 4285 M.
1324 4225 1371 4285 48.
1386 4247 1408 4283 s.
1424 4230 1451 4284 6.

357 4328 503 4390 Adonem
516 4325 728 4386 immanentem
746 4324 830 4400 (nam
845 4323 883 4383 de
897 4323 1063 4384 transeunti
1077 4321 1164 4382 nulla
1177 4333 1220 4382 est
1235 4321 1456 4382 controversias
