3118 4956
444 431 490 491 De
517 431 611 490 Tertio
632 430 740 490 Mentis
766 429 946 508 Operatione.
1183 426 1240 486 279

135 623 295 703 lapidibus,
303 633 463 694 coementa,
471 623 559 702 lignis
571 632 631 682 etc:
644 627 706 682 “est
717 621 845 701 definitio
856 641 909 700 per
918 641 1039 681 causam
1050 619 1236 678 materialem.

138 722 171 781 Si
186 741 256 782 vero
271 721 405 780 dicatur:
428 719 563 779 “Domus
578 729 621 778 est
635 717 887 797 cooperimentum
902 716 1094 795 quadratum,
1106 715 1239 792 longum,

136 817 234 876 altum
244 817 269 875 :’'
284 816 341 876 erit
355 816 483 895 definitio
498 836 550 894 per
564 835 684 876 causam
691 815 853 892 jmmotem.
875 813 907 874 si
922 834 993 876 vero
1007 814 1144 873 dicatur:
1161 810 1242 870 “Do-

139 933 206 972 mus
220 925 263 973 est
274 913 526 992 cooperimentum
537 913 650 972 factum
666 913 705 972 ab
720 913 833 972 artifice
844 933 912 974 cum
924 911 1078 982 martellis,
1088 908 1197 988 tegulis
1210 921 1240 968 et

140 1009 266 1086 plumbo
279 1009 305 1068 :’'
320 1009 377 1068 erit
387 1008 516 1088 definitio
531 1029 584 1088 per
595 1029 714 1068 causam
727 1009 896 1088 altinatem.
932 1008 963 1069 Si
973 1009 1093 1068 demum
1105 1007 1240 1066 dicatur:

139 1106 278 1166 “Damus
300 1115 344 1166 est
365 1106 618 1184 cooperimentum
641 1105 802 1184 prohibens
826 1125 879 1166 nas
901 1126 920 1166 a
942 1104 1062 1184 pluviis,
1078 1103 1188 1182 frigore
1210 1112 1240 1161 et

138 1203 252 1263 citiore:
275 1204 350 1263 “erit
364 1203 491 1282 definitio
514 1223 565 1280 per
579 1222 699 1262 causam
714 1202 961 1282 finalem-Cum
984 1221 1053 1280 ergo
1074 1200 1238 1279 subjectum

139 1321 192 1380 per
207 1311 251 1360 tot
264 1320 367 1361 causas
388 1301 479 1378 possit
500 1299 626 1373 definiri,
640 1300 774 1372 medinm,
789 1300 869 1379 quod
890 1309 933 1360 cst
947 1300 1039 1378 ipsius
1059 1299 1197 1378 definitio,
1211 1319 1241 1356 se

139 1396 262 1458 habebit
277 1399 315 1458 ad
331 1396 407 1457 illud
423 1398 453 1456 in
469 1397 647 1457 habitudine
661 1407 706 1458 tot
720 1397 905 1457 causarum.’'

149 1561 151 1564 ,
180 1495 347 1572 “Respectu
361 1515 430 1555 vero
441 1495 591 1554 I’assionia
602 1493 693 1554 habet
701 1515 730 1554 se
742 1493 872 1554 medium
884 1494 913 1552 iu
925 1493 1103 1554 habitudine
1110 1492 1238 1551 duarum

137 1611 306 1663 causarum,
316 1613 346 1649 sc
357 1590 540 1669 garonnam
550 1600 579 1650 et
592 1589 767 1668 Efficientia:
782 1600 974 1668 comparatur
984 1588 1062 1648 enim
1074 1587 1239 1666 subjectum

136 1687 176 1746 ad
199 1687 351 1765 propriam
375 1686 537 1764 passionem
553 1696 583 1744 et
604 1671 821 1763 ut'mbjectum,
836 1695 865 1745 et
880 1695 913 1745 ut
934 1685 1071 1764 aitarens:
1092 1693 1122 1743 et
1135 1682 1237 1742 eodem

138 1785 226 1844 modo
240 1805 270 1844 se
284 1784 376 1844 habet
389 1783 523 1844 definitio
537 1783 670 1862 subjecti,
687 1793 819 1863 respectu
835 1783 1004 1863 passionis.”

179 1883 235 1942 Est
257 1892 356 1943 autem
383 1882 640 1953 considerandum,
655 1881 753 1960 “quod
775 1901 882 1941 causae
906 1880 1020 1940 habeut
1042 1878 1175 1938 ordinem
1199 1876 1237 1935 ad

138 1980 265 2040 invicem
281 1991 361 2039 etex
377 1999 438 2039 una
452 1979 580 2038 sumitur
595 1979 671 2038 ratio
686 1977 816 2037 alterius.
859 1976 940 2038 Nam
957 1997 990 2036 ee
997 1976 1096 2053 samaa
1109 1974 1238 2034 sumitur

136 2079 211 2135 ratio
225 2078 381 2135 materiae:
416 2077 487 2155 quia
509 2075 604 2158 talem
615 2085 732 2154 oportet
745 2095 805 2135 esse
827 2075 993 2146 materiam,
1008 2073 1127 2152 qualem
1142 2072 1238 2131 farma

137 2176 269 2254 requirit.
315 2175 448 2254 Efficietne
468 2185 512 2234 est
532 2176 608 2234 *ratio
623 2175 755 2252 formae:
777 2174 848 2253 quia
869 2173 949 2234 enim
962 2192 1050 2233 omne
1070 2191 1161 2250 agens
1175 2171 1238 2248 agit

134 2271 191 2332 sibi
219 2272 324 2344 similo,
339 2282 457 2351 oportet
480 2272 560 2351 quod
585 2271 748 2332 secundum
775 2270 897 2332 modum
922 2269 1046 2349 agentia,
1070 2267 1109 2327 sit
1133 2266 1238 2326 modus

137 2372 259 2441 formae,
273 2389 350 2448 quae
363 2391 400 2429 ex
416 2370 532 2430 actione
554 2369 750 2447 consequitur.
794 2367 841 2427 Eo
853 2367 916 2447 sine
930 2387 1001 2427 vero
1021 2365 1150 2426 sumitur
1163 2349 1237 2422 ratio

137 2468 299 2547 atteiam
327 2467 398 2546 quia
420 2487 507 2528 omne
531 2487 623 2544 agens
646 2466 711 2546 agit
735 2474 856 2545 propter
879 2465 977 2525 finem.
1019 2461 1238 2540 Consequentur

54 2591 56 2602 ·
137 2575 255 2643 oportet
280 2565 359 2642 quod
385 2563 527 2637 definitio,
542 2583 618 2643 quae
642 2564 770 2624 sumitur
794 2583 828 2622 ee
847 2561 972 2639 fine,sit
995 2561 1124 2621 ratioet
1149 2579 1237 2626 causa

137 2661 296 2739 probativa
311 2661 440 2721 aliarum
461 2655 678 2733 definitionum,
693 2679 770 2739 quae
783 2679 822 2719 ex
836 2659 903 2719 aliis
917 2657 1013 2719 causis
1026 2664 1194 2728 sumuntur,
1208 2667 1236 2714 et

137 2779 214 2838 quae
227 2758 356 2818 sumitur
367 2757 403 2817 ab
416 2765 527 2836 apentc,
538 2757 666 2817 aliarum
679 2756 807 2816 duarum
818 2779 825 2828 ;
840 2766 870 2816 et
880 2776 957 2834 quae
965 2754 1094 2815 sumitur
1104 2752 1236 2832 asamar,

135 2855 207 2931 ejuS,
222 2873 298 2932 quac
322 2854 450 2912 sumitur
470 2873 490 2912 a
512 2853 653 2912 materia:
676 2861 705 2912 et
730 2851 795 2912 ideo
819 2851 952 2912 definitio
977 2871 1054 2929 quae
1077 2849 1237 2909 sumitura

137 2950 271 3022 materia,
286 2961 382 3028 potest
403 2949 599 3037 demonstrari
623 2970 675 3028 per
696 2969 817 3009 causam
832 2948 962 3028 finalem,
977 2957 1007 3007 et
1027 2947 1069 3006 sic
1083 2947 1120 3005 de
1142 2945 1237 3004 alia?

178 3045 339 3125 Propterea
354 3047 446 3107 “dicit
469 3045 668 3125 Philosophus
683 3047 725 3122 (1.
740 3045 867 3122 Poster.)
883 3044 963 3123 quod
978 3043 1117 3124 Definitio
1132 3041 1180 3103 vel
1194 3054 1235 3103 est

134 3145 276 3204 conclusio
290 3143 539 3203 demonstratione
561 3149 622 3220 (soz
644 3141 765 3222 quando
779 3152 823 3202 est
837 3163 889 3220 per
902 3141 992 3202 talem
1015 3161 1145 3212 causam,
1159 3160 1236 3217 quae

134 3240 272 3300 ‹uneludi
288 3241 385 3319 'possit
399 3259 436 3299 ex
459 3239 720 3311 demonstratione,
734 3259 812 3318 quae
825 3237 880 3298 fiat
900 3259 953 3317 per
967 3237 1059 3297 uliam
1080 3238 1234 3308 causam):

32 3333 34 3336 ’
135 3336 180 3394 vel
197 3345 240 3396 est
256 3337 440 3414 principiam
464 3335 713 3396 denominationis
727 3336 790 3414 (sc:
813 3334 934 3414 quando
948 3355 964 3394 e
978 3353 1119 3394 converso
1140 3341 1234 3391 estex

134 3452 232 3504 causa,
247 3431 376 3510 quaesit
397 3433 474 3492 ratio
488 3442 518 3491 et
532 3451 622 3491 causa
644 3431 803 3510 probativa
824 3429 978 3507 alterius):
1002 3429 1047 3489 vol
1064 3437 1107 3488 est
1122 3427 1235 3487 demon·
1289 3457 1294 3464 ·

134 3530 234 3587 stratio
248 3529 308 3588 son.
326 3529 469 3607 positione
492 3549 542 3588 seu
569 3527 756 3588 ordinatione
780 3527 917 3587 differens
943 3528 1003 3604 (sc:
1025 3525 1145 3603 quando
1160 3523 1234 3584 tales

134 3626 209 3684 duas
224 3645 327 3686 causas
342 3625 608 3705 comprehendit).''
649 3624 678 3684 S.
694 3624 749 3684 Th.
764 3624 821 3702 Op.
831 3625 879 3684 cit.
895 3643 959 3702 cap.
975 3621 1128 3683 a-Conf.
1144 3622 1233 3682 etiam

134 3723 176 3798 (1.
192 3721 305 3782 Poster.
321 3721 386 3782 lect.
404 3723 449 3782 18.
463 3722 537 3800 seq.)

173 3818 240 3878 326.
273 3817 322 3877 Ex
338 3819 425 3878 dictis
434 3819 573 3897 colligere
582 3819 691 3897 poteris
701 3818 786 3891 illud,
797 3819 878 3898 quod
887 3837 978 3898 supra
989 3819 1032 3894 (n.
1043 3815 1125 3894 251.)
1138 3817 1234 3876 inuui-

132 3934 206 3986 mus,
222 3913 513 3975 Demonstrationem
524 3921 645 3993 propter
659 3913 738 3993 quid,
753 3914 793 3973 ad
807 3913 934 3974 formam
949 3913 1029 3992 quod
1041 3914 1157 3986 attinet,
1171 3932 1245 3974 nun.

130 4031 191 4070 (nse
202 4011 257 4070 n'ai
274 4011 302 4069 in
319 4012 417 4090 prima
432 4011 537 4090 figura,
548 4021 578 4071 et
592 4010 711 4090 quidem
727 4011 757 4069 iu
773 4011 870 4088 primo
880 4011 969 4070 modo
982 4031 1029 4070 sc:
1045 4009 1192 4082 Barbara,
1207 4011 1230 4068 si

130 4107 320 4179 affirmativa,
336 4108 510 4168 insecundo
526 4108 676 4168 modosc:
705 4107 844 4180 Celerem,
858 4109 883 4168 si
898 4108 1039 4186 negativa
1053 4106 1099 4166 sit
1141 4105 1187 4166 Of.
1201 4105 1231 4167 S.

33 4205 37 4214 '
127 4202 182 4264 Th.
200 4205 251 4280 (de
266 4204 447 4283 Syllagismo
470 4203 611 4264 Demens,
627 4223 691 4282 cap.
707 4203 733 4263 9.
751 4202 931 4281 loa—Item
953 4202 1092 4263 Toletum
1109 4203 1134 4262 1.
1151 4200 1235 4261 Post

129 4321 193 4379 ceap.
210 4299 252 4360 11.
269 4301 420 4360 “Primam
436 4301 562 4380 figuram
578 4300 710 4360 maxime
720 4299 860 4360 scientiae
870 4319 930 4360 esse
941 4297 1226 4360 accommodatam.”
