3358 4952
440 433 494 500 lua
936 437 1053 519 leopi'm.

437 655 486 693 sc:
510 637 642 713 potentie
666 634 889 714 conceptionem
909 653 992 694 suam
1009 633 1145 693 ‹ttrectem
1167 643 1322 713 comparet
1336 633 1378 694 ad
1397 653 1460 694 rem
1475 653 1549 694 con-

438 743 565 808 ceptam,
575 731 751 810 judicatque
765 731 809 789 illi
825 749 885 790 esse
899 729 1100 790 conformemz
1119 729 1161 789 sic
1176 729 1370 808 prosequitur.

479 831 603 904 “Quare
613 825 771 890 dicendum
785 831 937 909 proprium
949 829 1097 908 judicium
1110 849 1170 888 esse
1181 827 1382 889 adlocaionem
1393 831 1546 908 potentiae

437 925 475 984 ad
502 945 562 984 rem
577 927 727 1004 luignitam
753 937 918 1005 peractum
934 925 1053 1005 abipsa
1076 926 1296 1005 elicitamque
1314 927 1395 986 circa
1414 947 1460 986 res
1474 935 1541 986 onte

438 1023 631 1100 appretientur
645 1033 791 1085 versatur.-
833 1023 882 1083 Ad
898 1025 982 1102 cujus
997 1022 1225 1103 intelligentiam
1240 1045 1246 1082 ε

479 1120 672 1180 “Notandum
689 1131 730 1182 est
753 1121 849 1200 primo
865 1120 925 1180 talc
941 1120 1090 1199 judicium
1105 1120 1199 1181 selum
1217 1120 1337 1200 reperiri
1353 1121 1386 1180 in
1401 1120 1542 1180 divisione

437 1227 467 1276 et
481 1220 690 1295 compernem,
702 1219 842 1297 quoniam
859 1236 917 1277 non
943 1227 1078 1277 vereatur
1092 1218 1171 1277 circa
1187 1237 1247 1278 rem
1261 1217 1343 1278 nude
1357 1227 1387 1277 et
1408 1217 1535 1296 simplici

440 1313 536 1386 modo,
550 1315 601 1373 sed
615 1315 694 1374 circa
714 1335 774 1374 rem
788 1315 829 1373 ito
844 1335 900 1374 ecoe
915 1313 961 1374 uel
976 1335 1035 1372 non
1050 1333 1117 1386 eece,
1126 1313 1207 1392 quod
1221 1313 1333 1393 absque
1353 1315 1540 1392 compositio-

438 1431 475 1470 ne
490 1411 613 1471 mentali
627 1431 686 1470 non
702 1411 857 1490 contingit.

477 1508 674 1568 '‘Notandum
698 1508 827 1568 secundo
842 1506 1027 1568 intellectum
1042 1518 1097 1567 ant
1110 1527 1284 1585 comparare
1298 1523 1344 1566 res
1364 1503 1546 1584 simpliciter

428 1613 593 1683 'conceptas
613 1604 807 1682 componendo
820 1611 931 1664 tontum
946 1615 1080 1664 extreme
1095 1623 1153 1663 non
1176 1604 1297 1664 ferendo
1311 1603 1487 1664 sententiam
1502 1603 1539 1662 de

437 1702 667 1780 propositionca
691 1722 721 1761 sc
746 1701 918 1780 composita,
942 1701 1017 1761 idest
1041 1721 1136 1779 neque
1160 1700 1346 1761 assentiendo
1372 1699 1428 1773 illi,
1442 1719 1539 1778 neque

435 1797 635 1858 dissentiendo
649 1809 678 1857 et
692 1798 765 1857 haec
780 1807 859 1857 oerte
873 1807 916 1856 est
929 1817 1009 1855 mera
1018 1795 1212 1874 uppredemio
1224 1817 1243 1856 a
1252 1796 1368 1876 judicio
1379 1796 1541 1861 distincta;

436 1909 489 1954 uui
503 1916 667 1972 rctmpouere
681 1895 744 1974 ipsu
758 1904 894 1954 extrema
911 1893 1035 1972 serendo
1055 1896 1232 1964 seutentiam,
1247 1894 1323 1954 idest
1347 1893 1536 1953 adhaerendo

437 1991 480 2049 vel
498 2013 554 2050 non
572 1991 763 2051 adhaerendo
776 1991 830 2051 tali
845 1991 1061 2069 compositioni,
1071 2001 1105 2050 ut
1120 2011 1216 2062 uerae,
1228 1989 1275 2050 uel
1291 2001 1326 2051 ut
1340 1989 1451 2060 fulsse;
1465 1989 1536 2048 hue·

436 2088 528 2166 igitur
542 2088 683 2146 edlruesio
700 2087 848 2167 judicium
870 2097 923 2158 cst,
937 2087 1009 2164 quia
1023 2105 1081 2146 non
1106 2087 1268 2146 materialis
1282 2095 1312 2147 ct
1334 2087 1535 2165 quantitative

436 2185 569 2264 potiunda
583 2197 636 2256 cst,
649 2185 699 2244 sed
714 2186 810 2244 viletta
822 2195 851 2244 et
868 2185 1084 2244 interdicentia:
1097 2183 1222 2262 ideoque
1238 2184 1336 2244 medio
1350 2195 1420 2244 actu
1436 2183 1535 2244 vitalis

335 2303 339 2312 ·
437 2283 584 2360 potentiue
609 2283 827 2361 cognoscitivuc
850 2281 913 2340 fieri
939 2281 1036 2341 debet.
1079 2281 1189 2340 Adhuc
1205 2291 1304 2340 tamen
1330 2281 1453 2342 difficile
1468 2280 1536 2342 tulis

435 2388 519 2436 actus
533 2377 710 2456 exponitur:
722 2377 921 2456 cognitionem
934 2378 1013 2436 enim
1023 2397 1083 2436 εεεε
1094 2383 1221 2455 oportet,
1231 2397 1288 2436 non
1302 2389 1428 2456 apparet
1438 2387 1537 2438 autern

435 2474 506 2552 quid
523 2492 575 2552 per
589 2473 672 2534 illam
688 2473 824 2552 cognosci
841 2474 941 2551 possit,
954 2473 1034 2552 quod
1048 2493 1108 2533 non
1127 2475 1193 2552 jum
1207 2474 1245 2533 sit
1259 2493 1313 2552 per
1326 2474 1536 2553 apprehensio

436 2589 502 2629 nem
519 2571 681 2648 cognitum

476 2667 599 2742 “Quare
610 2667 696 2727 tertio
707 2665 872 2726 notandum
884 2677 937 2738 est,
948 2667 1062 2746 quoties
1073 2667 1241 2727 intellectus
1250 2677 1406 2746 comparat
1414 2667 1536 2746 aliquod

435 2763 640 2842 praedicatum
662 2762 803 2842 subjecto,
817 2763 865 2822 vel
881 2763 911 2821 id
937 2773 1087 2841 praestare
1109 2763 1311 2842 cognoscendo
1325 2763 1351 2822 ei
1366 2764 1536 2834 convenire,

436 2860 483 2920 vel
498 2859 701 2937 ‹ognoeuendo
711 2879 769 2920 non
786 2860 954 2930 convenire,
966 2859 1012 2920 vel
1028 2871 1167 2920 neutrum
1179 2859 1398 2939 cognoscendo:
1413 2860 1535 2940 quando

435 2956 490 3016 hoc
518 2958 605 3016 tertio
633 2957 721 3016 modo
748 2967 903 3036 comparat
930 2967 973 3016 est
1000 2978 1079 3016 mero
1101 2957 1289 3036 apprehensio
1316 2957 1380 3018 sine
1402 2956 1538 3036 jndicio;

433 3053 635 3131 quandovero
648 3063 804 3132 comparat
817 3053 915 3130 primo
927 3051 975 3112 vel
989 3053 1119 3113 secundo
1133 3053 1230 3126 modo,
1240 3055 1304 3132 jam
1316 3061 1361 3114 est
1374 3053 1537 3132 compositio

425 3149 618 3227 jadicottrn.”
660 3147 751 3210 Unde
764 3149 892 3210 eximius
906 3149 1021 3210 Doctor
1034 3149 1193 3210 concludit

475 3243 649 3305 “iudicium
673 3264 743 3324 ergo
764 3257 807 3306 est
831 3245 883 3306 ille
907 3257 1000 3320 acuis,
1015 3263 1074 3326 quo
1099 3246 1265 3306 intellectus
1290 3249 1428 3326 coqueret!
1444 3269 1534 3308 unum

434 3343 582 3401 convenire
604 3343 704 3402 elteri:
727 3355 910 3422 (quopropter
931 3343 1085 3404 Judiciunr
1110 3363 1168 3402 nou
1184 3356 1226 3404 cst
1242 3354 1326 3404 actus
1347 3347 1464 3406 realiter
1478 3348 1536 3406 dis-

436 3439 545 3498 tinctus
559 3459 578 3498 u
587 3439 802 3518 ‚compositione
813 3440 981 3520 intellectus
992 3442 1177 3518 coprioecitiuo
1193 3445 1377 3501 ronuem'onic
1390 3456 1535 3503 extremo·

436 3557 511 3596 rum.
554 3535 642 3597 Unde
660 3536 799 3615 judicare
820 3547 864 3598 est
885 3557 1061 3616 componere
1083 3539 1287 3615 cugrnmendo
1301 3540 1533 3600 connexionem:

435 3646 465 3693 et
479 3633 550 3711 quia
565 3633 594 3692 in
610 3633 666 3692 hac
688 3633 900 3711 compositione
922 3635 1124 3712 cognoscitiva
1146 3636 1236 3695 etiarn
1252 3635 1418 3696 includitur
1431 3659 1536 3717 uppre-

435 3730 547 3801 hensio,
568 3740 597 3789 ct
619 3729 759 3790 formatio
773 3731 814 3789 rei
829 3731 982 3809 coguitae;
1003 3731 1071 3791 idco
1092 3733 1212 3810 quando
1228 3733 1283 3792 hoc
1307 3733 1395 3795 modo
1411 3735 1445 3794 lit
1459 3757 1538 3795 corn-

436 3826 550 3905 positio,
565 3826 594 3884 in
612 3825 664 3884 illu
679 3825 844 3885 includitur
858 3827 1054 3905 apprehensio
1067 3841 1097 3888 et
1114 3828 1263 3907 judicium
1279 3831 1392 3890 ratione
1406 3843 1537 3902 tantum,

436 3943 493 3981 non
509 3941 540 3980 re
553 3921 721 3980 distincto.''

476 4019 563 4094 Qiree
577 4018 678 4077 omnia
692 4017 736 4077 ita
749 4017 924 4098 probantur.

475 4115 585 4174 Primo.
628 4112 802 4175 “dudicium
817 4124 861 4176 est
875 4127 959 4175 actus
980 4113 1165 4187 intellectus;
1186 4116 1275 4176 debet
1288 4133 1359 4196 ergo
1380 4137 1433 4196 per
1447 4117 1534 4177 illum

434 4211 550 4292 aliquid
564 4211 709 4291 intelligi3
730 4213 813 4291 atqui
836 4213 953 4272 nonnisi
975 4211 1072 4291 qualis
1094 4215 1240 4274 connexio
1254 4215 1293 4274 sit
1316 4225 1535 4276 extremorum:

433 4331 512 4390 crgo,
537 4321 591 4371 etc.
633 4309 784 4370 Probatur
806 4309 880 4370 haec
902 4310 1008 4383 minor,
1023 4311 1095 4389 quie
1117 4331 1176 4371 non
1202 4321 1329 4390 apparet
1352 4311 1429 4390 quid
1450 4312 1536 4373 aliud
