3172 4950
447 493 451 500 -
492 463 535 525 De
558 465 659 526 Pri-mu
675 463 782 526 Mentis
805 465 986 544 Operatione.
1219 489 1221 492 ·
1250 465 1287 526 55

182 669 214 717 et
240 659 342 731 minor,
370 669 488 738 propter
518 663 659 740 majorem
686 662 731 720 vel
758 663 901 722 minorem
930 683 1075 722 recessum
1109 683 1126 722 a
1153 664 1282 741 perfecta

183 754 384 832 aequalitem
406 768 435 815 et
457 756 561 816 eodem
586 757 673 817 inodo
696 757 861 837 aequalitas
872 757 922 844 yel
946 758 1112 818 similitudo
1129 759 1188 819 late
1203 759 1283 819 «lien

184 849 296 910 dicitur
311 851 404 928 major
419 851 464 911 vel
481 852 585 912 minor.
629 853 773 912 Attamen
789 853 861 913 istae
876 852 1033 913 relationes
1045 855 1163 933 majoris
1178 875 1283 933 aetrnu-

185 946 279 1006 litatis
304 967 406 1008 revere
429 959 501 1008 sunt
525 949 659 1009 diversae
683 961 712 1010 et
737 971 794 1010 non
820 950 932 1023 eadem,
958 971 1036 1030 quae
1061 953 1214 1011 minuatur
1239 952 1284 1011 vel

184 1055 347 1120 augeatur:
370 1046 441 1122 quia
466 1045 585 1105 termini
609 1057 639 1105 et
665 1047 862 1106 fundamenta
889 1067 991 1106 earum
1020 1060 1090 1107 sunt
1117 1048 1230 1108 diuerso
1257 1061 1287 1107 et

188 1141 389 1218 proportiones
412 1143 442 1201 in
465 1143 573 1221 quibus
595 1145 760 1204 conos-mm
781 1155 851 1205 sunt
872 1146 962 1205 etitem
985 1145 1121 1218 diversae,
1136 1157 1226 1224 atque
1240 1146 1283 1205 ito

187 1257 382 1317 unaquaeque
396 1240 425 1298 in
440 1260 493 1299 suo
507 1240 603 1318 gradu
618 1240 840 1319 inaequalitatis
854 1243 887 1300 io
900 1241 1075 1300 indivisibili
1088 1242 1228 1302 consistit.

226 1333 275 1392 Sta
289 1355 358 1413 ergo
382 1335 523 1394 dicuntur
546 1337 692 1414 quaedum
716 1336 843 1396 relativa
857 1337 1004 1416 suscipere
1027 1337 1121 1415 magii
1135 1348 1164 1397 et
1181 1338 1285 1405 miuus,

187 1432 216 1490 id
233 1445 284 1500 cst,
296 1434 372 1491 dono
385 1434 480 1493 nirrari
499 1437 591 1512 inagis
601 1445 630 1492 ct
646 1433 840 1506 minuendis,
856 1455 908 1512 per
918 1431 1067 1494 aceessum
1080 1434 1125 1494 vel
1144 1454 1285 1492 recessum

185 1528 226 1586 ali
242 1550 300 1587 uno
325 1531 452 1607 perlit-to
475 1532 610 1602 termino,
627 1552 685 1590 oon
711 1552 763 1608 per
785 1531 980 1591 intensionem
1001 1541 1055 1592 aut
1079 1533 1285 1590 remissionem.

186 1627 305 1688 Suarez.
322 1628 376 1704 (l).
395 1627 436 1688 M.
453 1629 499 1688 47.
515 1650 569 1688 sce.
587 1631 632 1688 18.
650 1630 741 1688 rm.'3.
757 1627 799 1705 4,)

229 1723 433 1802 lili-(Quae
455 1737 497 1785 eo
521 1727 705 1806 praecipua),
747 1726 822 1786 Silai
842 1727 930 1786 simul
952 1733 1098 1786 naturaei
1119 1727 1285 1804 copnitiorm.

189 1824 232 1896 (u.
248 1823 309 1888 652.
356 1822 396 1882 Et
412 1841 430 1882 l.
446 1823 566 1900 quidem
590 1835 660 1882 sant
673 1823 761 1882 simul
775 1829 900 1882 tratura:
922 1822 993 1902 quia
1007 1842 1066 1882 non
1082 1833 1177 1901 potest
1192 1842 1285 1880 unum

189 1919 257 1996 poni
273 1934 326 1979 ant
342 1921 415 1992 tolli,
431 1921 486 1980 nisi
502 1921 614 2000 pariter
628 1921 755 1981 alterum
779 1932 909 2000 ponatur
924 1921 971 1980 vel
994 1920 1126 1981 tollatur.
1169 1919 1209 1980 V.
1224 1942 1251 1999 g.
1266 1920 1290 1980 si

187 2025 241 2085 est,
256 2017 307 2092 qui
323 2015 433 2074 dicitur
449 2027 540 2094 pater,
556 2027 672 2095 oportet
686 2027 720 2076 ut
733 2017 772 2076 sit
786 2015 845 2088 ille,
861 2017 912 2095 qui
936 2016 1047 2076 dicitur
1069 2016 1148 2076 lilius
1162 2029 1191 2076 et
1206 2017 1291 2076 vicis·

187 2111 260 2170 sim:
283 2113 452 2191 pariterque
466 2114 490 2172 si
505 2134 562 2173 non
579 2113 669 2173 datur
684 2123 777 2192 pater,
792 2134 846 2173 neo
860 2113 939 2173 lilius
950 2113 1016 2173 dari
1030 2125 1134 2193 potest.

230 2209 299 2269 Hoc
313 2221 413 2270 autem
438 2211 665 2290 intelligendum
681 2221 797 2277 estnon
812 2209 848 2270 de
861 2231 918 2270 eene
931 2211 1128 2289 eibjeelorum,
1141 2221 1174 2270 ut
1188 2221 1287 2288 patet;

189 2327 258 2365 num
270 2305 368 2366 Sortes
384 2329 410 2367 v.
425 2329 453 2386 g.
469 2309 519 2386 qui
534 2317 578 2368 est
591 2317 676 2387 peter
692 2307 847 2387 Leucippi,
862 2305 1013 2385 praecedit
1026 2314 1149 2385 tempore
1164 2307 1289 2386 Leucip-

191 2423 261 2480 pum
273 2425 280 2474 ;
298 2404 421 2481 proinde
436 2425 496 2464 esse
510 2403 609 2464 Sortes
623 2419 653 2463 et
667 2425 726 2464 esse
740 2403 895 2482 Leucippi,
907 2413 1054 2481 quatenus
1068 2403 1289 2469 sunthomines,

189 2523 247 2560 non
263 2515 332 2560 sum
352 2503 440 2561 eirnul
454 2509 568 2561 ruituro.
610 2503 667 2562 Sed
691 2501 918 2580 intelligendum
942 2509 985 2561 est
1006 2501 1043 2560 de
1065 2521 1125 2560 esee
1140 2501 1288 2561 relationis

187 2617 237 2656 seu
254 2599 350 2657 l'ormo
366 2594 600 2658 relationis-ir.
623 2609 692 2657 sunt
705 2598 793 2657 simui
814 2598 982 2675 coercitione,
998 2596 1131 2675 intellige
1145 2609 1289 2674 quatenus

189 2696 298 2754 relato:
331 2699 409 2758 nant
430 2715 490 2773 qua
519 2694 601 2766 talia,
629 2705 787 2772 conceptus
815 2695 903 2752 unius
930 2693 1093 2754 necessario
1120 2691 1290 2770 expostulat

188 2803 363 2870 ‹rrrnccptnm
388 2788 518 2852 alteriue
561 2792 610 2852 Sic
634 2801 718 2870 pater
740 2791 843 2870 nequit
865 2790 1003 2870 intelligi,
1018 2811 1078 2870 qua
1093 2791 1170 2864 talis,
1185 2812 1234 2850 sc:
1258 2801 1288 2849 ut

193 2901 286 2967 palm,
303 2891 356 2948 nisi
372 2889 460 2948 sinml
476 2889 556 2974 lilius
570 2901 773 2967 cognoscatur.

233 2985 300 3046 Hae
325 2987 401 3046 (luae
426 2987 550 3046 ultimae
575 2986 768 3064 proprietates
791 2984 889 3044 locum
915 2983 1028 3044 habent
1049 2985 1082 3043 io
1103 2983 1290 3044 reluliooibtu

189 3087 297 3142 motura
318 3105 365 3144 ec:
388 3083 493 3142 inillis
516 3083 711 3143 relationibus
735 3083 763 3140 in
787 3081 895 3159 quibus
918 3081 1147 3140 fundamentum
1172 3079 1291 3141 realiter

168 3233 172 3238 .
188 3190 234 3239 ce
248 3181 278 3238 in
293 3190 419 3258 utroque
433 3189 584 3240 extremo:
608 3189 641 3238 ut
655 3190 699 3239 eat
712 3200 740 3239 v.
756 3199 783 3257 g.
799 3178 905 3240 relatio
919 3179 998 3238 inter
1011 3189 1125 3258 patrem
1142 3177 1289 3238 etlilium.

192 3277 319 3337 Prosunt
333 3289 432 3338 tamen
456 3277 674 3356 quadamtenus
698 3275 845 3336 verificari
867 3275 957 3336 etiam
973 3275 1004 3335 in
1020 3274 1216 3336 relationibus
1230 3295 1288 3338 non

192 3375 311 3444 mutuis,
328 3377 357 3434 in
373 3375 480 3454 quibus
494 3395 541 3434 se:
564 3374 794 3434 fundamentum
816 3372 895 3433 reale
909 3373 996 3433 estin
1012 3373 1157 3433 alterutro
1172 3385 1288 3433 tantum

190 3482 402 3544 extremorum,
418 3479 452 3530 ut
465 3479 509 3530 est
524 3491 551 3530 v.
567 3492 594 3549 g.
611 3469 716 3530 relatio
739 3471 817 3529 inter
841 3469 940 3529 Deum
963 3479 993 3528 et
1015 3478 1192 3536 creaturam.
1234 3468 1289 3530 Ta·

192 3567 276 3626 metsi
291 3567 369 3626 enim
392 3567 466 3626 haec
489 3566 594 3626 relatio
609 3568 638 3624 io
655 3576 792 3626 creatura
806 3565 846 3626 ad
860 3565 960 3625 Deum
977 3565 1081 3626 relatio
1095 3566 1133 3626 eit
1146 3567 1244 3638 realia,
1258 3565 1288 3626 in

195 3665 257 3723 Deo
272 3677 372 3724 autem
395 3664 434 3722 ad
459 3673 624 3723 creaturum
649 3662 755 3723 relatio
768 3663 807 3722 sit
828 3664 962 3736 retinuit,
976 3683 1034 3723 non
1057 3683 1175 3742 possum
1190 3673 1289 3724 temen

188 3781 364 3838 cognosere
378 3773 555 3830 (ereaturam,
570 3746 630 3836 qua
644 3759 745 3831 talem,
760 3760 815 3819 uisi
831 3759 1054 3838 apprehendam
1067 3759 1157 3818 simul
1172 3760 1291 3821 Creato·

192 3878 261 3914 rem.
