3138 4956
458 439 505 500 Do
531 439 627 500 Tertio
647 439 755 500 Mentis
775 439 955 518 Operatione.
1193 441 1251 500 293

195 633 330 695 Ultimus
351 633 463 710 prodas
485 634 684 694 charadionia
705 643 757 707 est,
771 653 833 712 quo
855 632 1023 694 intellectus
1046 634 1081 694 ao
1097 641 1159 694 aste
1180 635 1254 692 reoli
1310 686 1316 699 ,

154 729 344 808 praescindit,
369 743 399 790 et
423 749 469 790 res
493 730 660 790 considerat
683 731 792 810 reflare,
818 740 908 809 prout
931 731 963 790 in
987 741 1055 792 actu
1082 731 1174 791 animi
1204 731 1250 792 vel

152 829 346 905 coprmmitim,
361 826 409 886 vel
424 825 551 904 effectivo
571 825 736 886 subsistunt
752 827 795 904 (n.
810 826 882 902 36.).
924 826 987 886 Hic
1001 837 1101 887 autem
1123 826 1254 886 abstrac-

153 925 242 984 tionis
256 923 367 1002 gradus
388 925 551 984 neieasario
566 924 596 982 in
618 923 769 1002 duplicem
793 924 927 984 ordinem
949 925 1156 984 distribuitur:
1179 925 1254 984 duas

154 1022 233 1080 onim
258 1031 288 1080 et
309 1021 441 1104 diversas
465 1019 633 1093 facultates,
658 1033 687 1079 et
711 1031 924 1099 cousequenter
946 1021 1096 1100 duplicem
1119 1021 1252 1080 ordinem

155 1117 284 1196 respicit,
299 1116 432 1176 ordinem
447 1137 493 1176 sc:
519 1115 689 1194 ponendum
705 1118 738 1174 in
749 1115 858 1176 midiae
870 1117 1035 1190 irrtellectaa,
1050 1127 1084 1176 ut
1095 1117 1249 1178 veritatem

153 1225 337 1292 assequatur,
353 1224 382 1273 et
404 1213 538 1272 ordinem
561 1213 733 1291 ponendum
754 1215 788 1273 ia
810 1213 920 1274 octibm
940 1214 1102 1285 voluntates,
1117 1224 1151 1274 ut
1165 1213 1252 1273 linem

154 1321 402 1388 consequatur-
409 1309 555 1388 Olp‘eetam
568 1313 605 1368 'ex
622 1309 677 1368 hoo
692 1308 806 1388 duplici
820 1309 1028 1370 abstractionis
1043 1309 1148 1370 ordine
1163 1311 1251 1370 resul-

155 1419 231 1480 tans,
246 1419 289 1467 est
303 1407 426 1485 duplex,
442 1407 505 1465 Eas
525 1427 574 1465 sc:
597 1405 745 1483 lopioum,
760 1419 790 1466 et
812 1406 1128 1486 Murcia-Principia
1149 1428 1186 1467 ex
1202 1407 1255 1467 du-

155 1504 226 1582 plici
249 1505 304 1564 hoc
319 1503 423 1564 ordine
436 1503 635 1564 desumuntur
647 1512 677 1563 et
698 1515 768 1563 suut
782 1503 830 1563 vel
850 1505 1033 1582 rprmlotirm
1047 1505 1095 1564 vel
1112 1508 1253 1583 practico,

155 1601 244 1660 modo
258 1621 349 1678 supra
362 1599 523 1679 explicato
566 1599 608 1670 (u.
624 1599 707 1676 340.)

307 1697 400 1757 Hisce
414 1697 605 1776 praenotatis,
620 1707 736 1758 constat
749 1697 829 1776 quod
845 1698 964 1758 isthmi
980 1699 1172 1759 mensurus:

195 1794 263 1853 344.
305 1793 452 1852 Scieutiae
480 1792 590 1853 debent
615 1792 722 1865 dividi,
741 1793 833 1872 juxta
860 1795 1018 1873 primarios
1045 1794 1254 1855 abstractionis

154 1890 275 1967 gradum,
300 1889 410 1967 quibus
432 1909 482 1948 sc:
503 1899 533 1948 et
557 1888 704 1967 objectum
727 1893 882 1968 proprium
907 1901 936 1950 et
960 1891 1108 1970 principia
1127 1893 1253 1968 proprio

154 1986 298 2065 cujusque
325 1985 465 2044 scientiae
493 1985 646 2046 resultant.
689 1987 784 2064 Atqui
813 1987 844 2046 hi
878 1988 990 2066 gradus
1016 2001 1087 2048 sunt
1113 1989 1252 2067 quinque.

159 2083 242 2161 Ergo
256 2083 395 2142 scientiae
410 2083 579 2162 primariae,
591 2082 699 2161 quibus
713 2095 827 2143 ceterae
838 2105 938 2144 omnes
953 2085 1104 2146 naturales
1114 2085 1255 2146 scientiae

50 2213 54 2222 ·
153 2179 410 2252 subalternantur‚
424 2189 495 2238 sunt
514 2179 655 2258 quinque,
670 2179 803 2258 Plsysiro,
816 2201 863 2240 sc:
879 2181 1093 2254 Motdmrctico,
1109 2181 1255 2260 Metoplty-

153 2279 224 2349 eico,
239 2277 357 2354 Iopioo,
372 2265 502 2336 Meroide.
545 2275 704 2355 Objectum
716 2287 745 2336 et
759 2277 907 2356 principia
918 2279 1149 2358 uniuscujusque
1162 2299 1252 2357 supm
1339 2338 1345 2350 ,

155 2373 474 2434 determinavimus—

197 2569 283 2630 D1uu
306 2569 487 2630 vu-Eoi
507 2571 590 2630 nullo
604 2592 638 2630 or
659 2573 832 2631 stemmatio
853 2572 978 2631 ateias
992 2571 1149 2649 posaeo
1170 2571 1255 2629 alteri

150 2669 272 2745 proprie
282 2666 644 2740 moditerrania-tomen,
655 2668 682 2727 si
694 2675 895 2746 comparentur
903 2667 1009 2747 objecto
1019 2667 1204 2746 ipsorummet
1215 2667 1255 2726 cd

154 2765 283 2835 invicem,
298 2763 494 2842 Melopiysioo
507 2766 624 2823 materis
638 2771 768 2842 praedat
782 2771 808 2824 el
828 2764 1080 2824 dominantum-ri
1091 2783 1156 2824 uero
1170 2763 1256 2842 olp'ec·

154 2872 217 2922 tom
231 2863 321 2922 unias
333 2883 398 2922 cum
411 2869 478 2922 octo
491 2863 610 2923 aoatm
623 2863 796 2941 majoratur,
810 2864 937 2936 scientio,
952 2863 1001 2923 coi
1013 2869 1121 2924 σείεται
1134 2863 1254 2934 audant,

150 2967 242 3038 potest
255 2960 356 3020 lobea
370 2981 429 3020 aon
442 2959 525 3019 modo
540 2959 744 3038 Metophyaicu,
753 2981 850 3019 oerum
863 2962 949 3020 edom
964 2959 1074 3036 Lopim
1084 2966 1110 3018 et
1124 2959 1252 3018 Maeotis

476 3057 521 3117 Cf
537 3057 655 3117 Suarea
671 3056 758 3134 (DD.
774 3056 853 3116 Mos
870 3058 895 3116 1.
910 3069 978 3117 sect
994 3057 1021 3117 5⁴
1037 3077 1085 3116 nn.
1102 3057 1254 3133 44.-53.)

197 3253 264 3312 345.
307 3251 394 3312 Haec
408 3252 529 3312 assertio
544 3261 603 3312 tres
617 3252 748 3312 continet
762 3228 869 3331 partes.

197 3349 256 3408 Pro
271 3349 470 3428 intelligentia
491 3349 606 3428 primae
620 3349 712 3428 partis
733 3349 857 3410 observo
879 3369 916 3408 ex
938 3349 1085 3424 Suaresio,
1099 3352 1251 3412 scientiam

156 3448 239 3508 illam
251 3450 372 3526 proprie
385 3446 583 3507 subalternari
599 3447 695 3518 alteri,
707 3467 783 3525 quae
794 3447 1029 3506 emamtmrab
1043 3447 1098 3507 ills
1108 3449 1255 3528 dependet

156 3545 186 3603 in
202 3565 259 3605 ease
270 3547 414 3616 sciaenae,
429 3544 472 3602 ita
487 3552 520 3602 ut
533 3543 656 3603 scientia
669 3563 730 3603 esse
745 3554 880 3621 nequeat,
896 3544 951 3603 uisi
966 3563 1034 3602 cum
1049 3543 1256 3604 subalternas·

155 3650 185 3700 te
198 3641 398 3720 conjungatur
411 3641 450 3699 ab
473 3660 566 3718 (aque
587 3639 758 3698 evidentium
775 3641 992 3717 pnrtoipriomm
1013 3651 1120 3700 sumat
1163 3641 1254 3701 Ratio

154 3751 254 3798 autem
270 3738 358 3816 hujus
372 3749 422 3797 est
464 3737 595 3796 Solantia
610 3736 806 3824 subalternum
820 3757 879 3796 uun
895 3736 986 3797 habet
1000 3738 1148 3817 principia
1156 3759 1212 3816 per
1225 3761 1254 3798 se

154 3843 222 3894 noto
236 3845 266 3894 et
279 3833 455 3902 irnooediolo,
464 3833 514 3892 sed
531 3831 733 3892 conclusiones
745 3841 805 3891 lso:
818 3833 970 3911 principio
981 3833 1120 3911 taediata)
1133 3834 1256 3893 demon·

152 3930 290 3990 strobiles
305 3930 335 3988 in
351 3930 411 3988 alia
425 3929 548 3989 scientia
562 3928 715 4006 superiori.
759 3927 850 4006 Ergo,
865 3928 1115 4006 quemadmodum
1131 3929 1254 3990 scientia

153 4027 250 4086 omnis
264 4028 301 4086 cb
315 4026 416 4085 mildo
435 4028 651 4104 principiorum
674 4025 870 4084 essentialiter
894 4024 1048 4104 dependet,
1063 4026 1188 4104 quiaab
1203 4026 1256 4085 illo

153 4125 334 4186 evidentiam
351 4123 565 4202 principiorum
580 4122 688 4192 sumit;
709 4121 753 4180 ita
779 4121 891 4199 pariter
913 4122 1037 4182 scientia
1058 4123 1252 4182 modernam

152 4245 173 4280 a
186 4223 399 4282 mdodmncnte
420 4219 575 4299 dependet,
590 4229 693 4298 utpote
713 4238 791 4297 quae
804 4219 843 4278 ab
859 4218 913 4278 illa
926 4219 1106 4280 evidentium
1131 4241 1251 4280 surorum

154 4318 368 4396 principiorum
384 4317 519 4376 desumit
