3172 4950
655 471 867 533 Prucrrotiauea

248 665 335 725 lltco
357 665 399 726 ll.
447 667 592 744 objectam
611 667 734 744 Lapicue
749 675 787 726 est
802 668 999 727 Rnl‘iocinicun
1015 665 1217 744 repedandum.

284 927 290 938 ,
323 860 383 920 Pro
399 861 598 938 intelligentia
610 861 781 921 assertionis

246 959 273 1015 u.
317 957 440 1016 Adnoto
456 957 560 1035 primo.
604 956 699 1016 Aliud
714 969 757 1018 est
771 957 920 1035 objectum
944 957 1100 1027 raateriule,
1115 955 1198 1016 uliud
1214 954 1308 1033 ‹abjec-

203 1065 269 1113 tum
284 1055 409 1132 ,irrrrrrula
434 1054 561 1134 alicujus
578 1051 623 1114 vel
646 1054 809 1126 facultatis,
825 1055 870 1114 vel
894 1055 975 1126 artis,
991 1054 1036 1115 vel
1060 1055 1216 1114 scientiae..
1250 1051 1309 1112 (lb-

198 1153 314 1226 jectum
338 1150 494 1210 materiale
508 1150 620 1210 dieitur
636 1171 679 1209 res
695 1150 748 1210 illa
764 1152 841 1216 (sive
856 1151 929 1211 baec
943 1151 981 1210 sit
1004 1149 1166 1210 runterielis
1180 1150 1242 1208 sive
1258 1149 1310 1206 im-

213 1247 390 1322 materialis)
408 1247 486 1306 circa
502 1267 590 1325 qumi
609 1247 744 1318 lacultas,
761 1247 806 1306 vel
823 1269 879 1320 rtis,
896 1247 941 1307 vel
958 1248 1082 1307 scientia
1097 1247 1199 1326 aliqua
1215 1267 1310 1306 versa·

208 1354 278 1403 tur:
300 1344 458 1422 Objectum
483 1365 552 1404 vero
574 1343 700 1404 formale
721 1345 818 1416 estid,
834 1345 913 1424 quod
936 1345 966 1404 in
988 1343 1042 1405 tali
1060 1366 1089 1404 re
1111 1345 1247 1416 facultas,
1263 1343 1309 1405 vel

206 1463 266 1510 eus,
282 1442 329 1502 vel
344 1442 467 1502 scientia
482 1442 604 1522 attingit
619 1490 627 1514 ,
642 1463 692 1502 sen
708 1455 751 1503 est
767 1443 844 1503 ratio
858 1442 912 1502 illa
928 1442 974 1502 vel
998 1441 1162 1520 proprietas
1178 1439 1239 1512 illa,
1254 1439 1309 1500 sub

208 1557 269 1613 qua
284 1537 421 1610 facultas
436 1559 494 1610 ars,
507 1538 631 1599 scientia
647 1559 707 1598 rem
724 1538 808 1599 illam
819 1539 951 1618 attingit.
963 1539 1021 1598 Sic.
1034 1559 1061 1598 v.
1073 1561 1101 1616 g.
1137 1539 1252 1617 Corpus
1267 1549 1310 1598 est

207 1634 357 1713 objectum
372 1635 526 1696 materiale
537 1635 626 1706 visus,
638 1635 802 1695 medicinae
812 1647 841 1696 et
853 1635 1033 1696 matheseos:
1048 1634 1197 1714 objectam
1209 1644 1308 1696 autem

207 1731 332 1791 tormale
358 1731 438 1792 visus
452 1743 495 1792 est
511 1732 601 1803 color,
625 1731 790 1792 medicinae
814 1733 936 1803 sanitas,
959 1731 1123 1792 matheseos
1147 1731 1307 1810 quarrata

211 1827 257 1886 Ex
284 1837 410 1906 utroque
437 1849 527 1888 noum
555 1827 704 1888 conflatur
728 1829 812 1888 totale
836 1827 995 1906 objectum,
1020 1828 1100 1906 quod
1131 1828 1309 1906 quandoque

204 1925 370 2002 o'rtlp'ectam
390 1927 530 1986 scientiae
551 1926 771 1986 denominatur.
792 1947 826 1986 eo
848 1925 926 2004 quod
949 1925 1037 2004 bajus
1058 1925 1310 2004 disputationibus

207 2021 253 2079 vel
278 2020 518 2099 inquisitionibus
541 2021 726 2100 subjiciatur.
769 2021 853 2081 Hinc
877 2021 1024 2100 intelliges
1048 2021 1120 2080 idern
1146 2042 1227 2100 pome
1249 2043 1310 2080 esse

205 2115 356 2194 objectum
366 2117 521 2177 materiale
532 2117 717 2176 diversarum
726 2117 914 2189 facultatum,
922 2117 1033 2177 artium
1045 2117 1091 2177 vel
1102 2118 1291 2177 scientiarum
1302 2148 1308 2184 :

207 2213 337 2288 itemque
352 2214 498 2292 rrtultipler
513 2234 596 2292 posse
609 2235 669 2274 esse
683 2213 831 2293 objectum
848 2213 1002 2274 materiale
1016 2215 1145 2293 ejusdem
1161 2215 1310 2290 scientiae,

209 2308 254 2367 vel
270 2309 402 2387 ejusdem
424 2310 505 2380 artis,
522 2309 568 2370 vel
584 2310 714 2390 ejusdem
738 2309 898 2371 facultatis.
942 2309 1095 2388 Intelliges
1110 2311 1199 2372 etiam
1215 2311 1311 2374 diver-

205 2404 324 2464 ¹*itatem
340 2417 370 2465 et
392 2405 612 2466 distinctionem
635 2406 824 2477 facultatum,
846 2407 957 2466 artium
984 2406 1030 2466 vel
1056 2407 1256 2480 scientiarum,
1272 2430 1307 2468 ex

206 2500 398 2562 distinctione
409 2523 445 2562 ac
455 2503 628 2576 diversitate
639 2503 821 2582 obiectorum
834 2503 1005 2564 formalium
1018 2525 1078 2564 esse
1088 2505 1310 2568 desumendum.

228 2605 230 2610 ’
250 2600 278 2658 t.
320 2599 446 2660 Adnoto
467 2599 597 2660 secundo
618 2621 686 2660 cum
701 2601 730 2661 S.
746 2599 863 2660 Thomu
879 2611 938 2662 tres
951 2621 1013 2662 ease
1033 2603 1183 2662 liumanae
1205 2605 1310 2665 mentis

209 2694 404 2772 ‹qterationea
420 2717 473 2756 nce
498 2695 597 2774 plures
620 2697 819 2776 paucioresve,
840 2717 948 2777 easque
962 2697 1002 2758 ad
1025 2698 1151 2758 invicem
1175 2699 1310 2778 colligari

209 2811 245 2848 aie
259 2790 361 2849 sulum<
404 2792 457 2851 ari.
500 2792 655 2870 “(llmrtct,
670 2793 768 2872 inquit
784 2794 948 2874 Angelicus
960 2793 1084 2864 Ductor,
1101 2793 1230 2871 Lngicae
1245 2817 1311 2874 par·

209 2897 251 2946 ta·¹
266 2791 400 2974 accipere
412 2889 574 2948 secundum
591 2890 793 2950 diversitatem
809 2901 930 2950 act-uum
949 2891 1079 2952 mtiouis.
1120 2896 1196 2953 Sunt
1209 2905 1308 2954 autem

209 2983 332 3043 rationis
347 2985 405 3096 tqes
426 2996 527 3054 aetus;
549 3006 676 3063 quorum
701 2987 790 3064 primi
813 2987 873 3046 duo
896 2997 967 3046 suut
992 2989 1124 3060 rationis,
1146 2987 1308 3050 secunilum

208 3081 287 3158 quod
302 3094 346 3141 est
360 3081 529 3142 intellectus
545 3083 677 3161 quidam.
723 3085 792 3145 Una
807 3085 885 3144 enim
898 3085 976 3145 actio
988 3086 1154 3146 intellectus
1169 3099 1210 3148 cst
1227 3089 1310 3150 intel·

209 3176 332 3252 lieentia
347 3177 575 3238 indivisibilium
599 3181 662 3240 sive
684 3180 940 3260 incomplexorum
957 3182 1082 3260 (dicitur
1102 3187 1190 3244 ctiam
1207 3208 1310 3266 appre

211 3273 336 3346 lrensiol,
350 3276 514 3335 secundum
536 3297 625 3354 quam
643 3279 773 3358 concipit
787 3279 859 3358 quid
881 3290 924 3339 est
939 3301 983 3340 ras
998 3327 1004 3340 .
1021 3328 1027 3341 .
1043 3329 1049 3341 .
1066 3328 1072 3341 .
1088 3283 1225 3344 Secunda
1240 3307 1310 3346 vero

209 3371 342 3447 ‹qmratio
365 3371 532 3433 intellectus
553 3385 596 3434 est
618 3376 796 3454 οοιιψοείιίοΙ
813 3377 860 3436 vel
875 3376 982 3438 divisio
1004 3378 1171 3440 intellectus
1186 3382 1311 3460 (dicitur

210 3467 300 3526 ctiam
322 3467 504 3544 Judieitun),
521 3470 550 3528 in
573 3491 633 3550 qua
646 3483 690 3532 est
706 3473 769 3551 jain
786 3493 890 3534 verum
907 3473 952 3534 vel
976 3473 1084 3535 falsum
1101 3524 1107 3535 .
1123 3524 1130 3536 .
1147 3523 1152 3537 .
1169 3525 1175 3538 .
1191 3477 1308 3540 Tertius

213 3583 282 3620 vero
296 3571 380 3622 actara
395 3565 528 3636 rationis,
543 3578 587 3626 est
607 3566 771 3627 secundum
786 3568 826 3640 id,
841 3569 920 3646 quad
935 3581 979 3636 eat
999 3573 1152 3650 proprium
1178 3576 1308 3649 rationis,

209 3657 323 3718 scilieet
343 3657 508 3744 discurrere
522 3661 561 3721 ab
577 3683 638 3722 uno
652 3663 683 3722 in
705 3663 805 3724 aliud:
829 3675 862 3726 ut
877 3685 930 3742 per
946 3665 975 3725 id
990 3667 1069 3745 qnod
1084 3681 1128 3728 est
1144 3681 1247 3731 uotum
1263 3674 1310 3734 de

211 3754 313 3814 tertiat
327 3753 356 3814 itt
372 3757 572 3834 cognitionem
587 3757 709 3838 ignoti.”
725 3759 780 3820 loc.
796 3761 845 3821 cit.

250 3849 391 3912 “Harum
406 3873 476 3914 vero
491 3855 716 3933 operationum”
732 3858 920 3937 prosequitur
930 3861 959 3919 S.
976 3859 1097 3934 Ductor,
1108 3863 1223 3942 “prima
1234 3865 1311 3927 ardi-

212 3959 301 4008 natur
323 3950 362 4009 ad
385 3949 565 4020 secundam:
587 3953 659 4031 quia
681 3975 740 4014 non
765 3965 861 4032 potest
885 3977 946 4016 esse
970 3960 1144 4037 compmitio
1159 3971 1188 4022 et
1202 3961 1310 4025 divisio

209 4046 263 4104 nisi
288 4046 471 4125 simplicium
495 4050 747 4127 apprehensomm
772 4053 836 4129 (sic.
853 4074 880 4113 v.
895 4075 923 4132 g.
938 4075 998 4114 non
1027 4066 1122 4134 potest
1137 4079 1218 4120 mens
1232 4061 1311 4122 affir-

210 4161 291 4200 mare
305 4141 456 4202 ‘bominem
471 4165 527 4204 esse
542 4146 663 4204 anirael'
679 4147 735 4206 nisi
757 4148 839 4226 priua
865 4149 1046 4212 intellexerit
1070 4154 1143 4231 quid
1167 4156 1206 4216 sit
1220 4157 1311 4235 lemno,

208 4237 281 4314 quid
295 4238 334 4298 ait
348 4240 486 4316 nointel).
529 4241 667 4302 &cunda
682 4264 752 4303 vero
767 4245 925 4306 ordinatur
938 4247 976 4306 ad
992 4249 1129 4322 tertiam
1145 4253 1216 4331 quia
1230 4257 1311 4318 vide-

210 4335 277 4394 licet
293 4345 417 4414 oportet,
432 4337 511 4415 quod
526 4359 563 4398 ex
579 4338 681 4417 aliquo
696 4361 766 4401 vero
780 4343 908 4421 cognito,
923 4345 971 4403 cui
986 4345 1154 4408 intellectus
1168 4355 1309 4418 assentiat
