3118 4956
432 447 478 507 De
503 447 600 526 Tertia
621 445 733 512 Mesatis
754 443 934 523 Operatione.
1173 443 1228 505 221

126 641 210 720 aequi
225 641 352 704 ualeat.”
374 641 518 706 Jamuero
532 641 656 720 Lagina
670 640 706 702 ele
719 641 967 718 argumentatione
980 637 1131 716 sophtatiea
1145 636 1232 698 disse

131 759 207 810 rens,
223 740 304 802 riam
319 739 421 811 tradit,
436 759 496 818 que
511 739 600 802 vitari
615 739 706 818 possit
719 757 817 802 error:
840 757 931 815 agens
944 755 1015 800 uero
1029 735 1065 798 de
1079 755 1231 813 aroanna

128 838 236 897 amno
263 836 422 909 dialectieo,
448 836 538 898 simul
574 837 670 900 tontes
704 834 809 914 aperit,
838 833 917 896 unde
952 831 1135 898 hauriendae
1162 846 1231 894 sunt

130 932 334 994 conclusiones
354 932 533 1012 probabiles,
547 931 656 1012 quibua
677 930 808 992 mutanti
828 951 889 990 esse
903 928 1053 1002 debemus,
1067 947 1135 988 eum
1150 937 1231 988 certa

130 1039 222 1108 atque
246 1029 368 1092 evidens
392 1029 542 1090 conclusio
568 1027 669 1088 haberi
696 1027 808 1106 nequit,
832 1037 962 1105 atquae
989 1024 1071 1085 haud
1099 1043 1167 1084 raro
1192 1022 1231 1084 nd

130 1127 350 1188 conclusionem
376 1137 486 1188 certam
512 1137 603 1206 atque
627 1126 794 1188 evidentem
820 1125 899 1186 viam
925 1133 1077 1186 sternunt:
1099 1131 1231 1182 tractans

129 1223 249 1283 demum
279 1223 316 1284 de
342 1227 590 1300 argumentatione
617 1223 858 1294 Danonetratloo,
884 1221 1004 1286 modum
1033 1221 1144 1290 edocet,
1171 1239 1231 1298 quo

131 1317 295 1380 ultimatirn
330 1319 471 1393 Solantia,
499 1320 538 1380 ad
566 1321 650 1399 cnjus
677 1319 901 1398 acquisitionem
938 1317 1052 1396 Logica
1080 1317 1229 1395 dirigitur,

130 1415 310 1476 obtineatur.
353 1417 557 1493 Qumnobrem
589 1418 658 1496 jure
686 1419 849 1495 meritoque
877 1416 921 1478 ait
948 1415 977 1479 S.
1006 1414 1136 1478 Doctor:
1172 1414 1229 1484 “ad

129 1514 279 1575 scientam
306 1514 457 1574 concurrit
486 1514 515 1574 in
538 1514 584 1578 sui
609 1513 803 1592 acquisitione
827 1513 954 1590 aepnlalo
982 1511 1158 1583 mattarii?
1183 1513 1227 1570 ll.

131 1607 210 1668 Dist.
234 1609 260 1669 9.
276 1631 303 1688 q.
331 1611 356 1670 1.
382 1631 408 1670 a.
436 1611 463 1670 2.
488 1619 518 1670 et
542 1610 651 1670 alibi:’'
679 1609 788 1680 Opinio
812 1631 850 1670 ex
874 1609 1046 1689 syllogismo
1072 1608 1227 1669 dialectico

129 1717 253 1766 causata
266 1719 310 1766 est
322 1706 418 1766 elaad
432 1708 589 1778 enantion,
598 1727 674 1785 quae
688 1727 742 1786 per
755 1706 1021 1766 danonetrationcm
1036 1705 1229 1784 acquiritur.'’

132 1803 199 1862 111.
215 1801 284 1863 Par.
299 1825 326 1882 q.
343 1805 369 1863 9.
384 1804 424 1864 ad
440 1805 466 1863 2.

171 1900 237 1960 258.
281 1900 328 1960 De
343 1901 399 1960 hoc
413 1900 523 1979 triplici
539 1901 662 1961 radonis
684 1921 820 1980 processu
835 1901 899 1980 agit
919 1900 1096 1962 Aristoteles
1110 1900 1229 1961 abunde

130 2005 161 2055 et
174 2009 321 2074 qnantum
346 1997 481 2060 humana
494 1997 571 2060 ratio
586 1998 722 2076 protendi
737 2010 841 2077 potest,
856 1999 886 2058 in
911 1997 1012 2060 Libris
1034 1998 1230 2058 Posterior-nm
1337 2015 1347 2036 ·

128 2095 348 2172 ottalytioorum,
368 2095 535 2173 Topieorum
556 2104 586 2155 et
607 2095 808 2156 Elcoclornnt.
851 2095 947 2170 Libri,
962 2095 1013 2176 qui
1028 2096 1065 2156 de
1085 2095 1228 2156 Demons

130 2192 261 2251 tratione
284 2203 388 2270 agunt,
413 2192 609 2252 Posteriotom
636 2193 845 2272 analyticorum
873 2204 1103 2274 ntrncupnntnr3
1134 2194 1226 2272 cujus,

129 2286 379 2351 denominationis
393 2309 429 2350 en
445 2289 522 2348 ratio
535 2308 571 2348 ex
587 2288 617 2350 S.
632 2288 767 2352 Thema:
789 2289 883 2350 “Pars
897 2289 1020 2369 logicae,
1034 2311 1112 2370 quae
1132 2289 1228 2369 primo

130 2384 253 2458 (mentis
274 2387 422 2463 processui
446 2386 590 2464 deservit)
609 2387 772 2465 judicatioa
794 2385 914 2459 dicitur,
927 2407 962 2448 eo
982 2387 1062 2466 quod
1079 2386 1226 2466 judicium

127 2490 173 2540 est
186 2499 254 2542 cum
269 2482 448 2544 certitudine
466 2485 614 2548 scientiae.
657 2485 699 2546 Et
712 2485 784 2564 quia
796 2485 946 2563 judicium
959 2494 1064 2546 aanor
1079 2485 1115 2546 de
1128 2485 1229 2564 effecti

127 2577 181 2636 hue
205 2578 309 2638 haberi
334 2581 518 2659 aequinomi
541 2581 704 2646 resoluendo
718 2585 752 2642 ia
770 2585 873 2660 primo
891 2583 1053 2660 palumbis,
1068 2581 1134 2642 ideo
1158 2602 1227 2661 pars

130 2673 203 2734 haec
217 2675 361 2754 analytica
375 2689 508 2740 uocetur.
550 2679 707 2744 Certitudo
718 2669 820 2740 'numm
831 2679 949 2758 judicii,
963 2700 1040 2758 quae
1053 2699 1106 2758 per
1120 2679 1227 2740 resolu-

127 2769 237 2830 tionem
253 2771 390 2846 habetur,
404 2784 448 2834 est
459 2775 506 2836 vel
521 2797 555 2836 ea
567 2776 737 2854 tharascona
750 2775 923 2856 Syllogismi
938 2785 1065 2850 tanatum,
1077 2777 1155 2837 etad
1171 2777 1227 2838 hoc

126 2868 285 2929 ordinatur
305 2869 382 2930 liber
401 2871 541 2932 Priorem
561 2874 778 2951 analyticorann,
793 2873 843 2953 qui
858 2885 901 2935 est
914 2873 953 2936 de
966 2872 1146 2952 Syllogisnro
1160 2874 1227 2943 sirn-

128 2963 263 3042 pliciter:
286 2966 332 3026 vel
349 2967 438 3027 ctiam
455 2990 519 3028 arn
533 2968 584 3028 hoc
597 2989 631 3028 ar
644 2971 775 3042 amtort'a
789 2970 860 3050 qnia
873 2979 1034 3031 sumuntur
1054 2970 1226 3048 propositio-

16 3069 19 3076 “
128 3081 180 3121 nea
199 3073 340 3139 parcet
364 3066 549 3140 mortae,
563 3079 592 3126 et
606 3065 645 3126 ad
670 3066 726 3126 hoc
748 3065 906 3126 ordinatur
927 3064 1004 3128 liber
1032 3065 1226 3128 Portet-iotam

126 3159 344 3236 analyticorum,
359 3161 412 3238 qui
425 3171 469 3222 est
482 3160 520 3221 de
533 3161 716 3240 Syllogisnro
730 3161 991 3228 demonstrativa”
1020 3164 1062 3241 (1.
1078 3164 1157 3226 Post
1173 3164 1224 3226 lea
1300 3169 1303 3176 '

130 3254 178 3329 1.).
223 3254 308 3314 Libri
323 3266 433 3330 autern,
448 3259 500 3336 qui
514 3259 552 3318 de
562 3257 741 3338 syllogismo
756 3257 923 3320 Dialectico
934 3271 1037 3338 agunt,
1058 3241 1225 3339 immorata

125 3351 277 3424 dicuntur,
294 3354 365 3432 quin
381 3365 476 3416 artem
498 3355 669 3426 inveniendi
683 3365 861 3434 argumenta
875 3356 1016 3428 edocent;
1037 3359 1087 3436 qui
1104 3359 1222 3427 demum

125 3448 163 3508 de
189 3450 422 3528 sophismatibus
449 3463 552 3530 agunt,
578 3451 756 3512 elenchorum
784 3463 1004 3531 nuncupantur.
1041 3453 1225 3533 Conscripsit

125 3545 205 3605 euim
222 3547 276 3606 hos
289 3545 380 3606 libros
394 3547 572 3610 Aristoteles
585 3557 689 3612 contra
711 3547 873 3626 Sophiataa,
888 3569 1016 3626 quorum
1039 3559 1119 3610 secta
1133 3559 1223 3610 aucta

122 3663 178 3704 auo
191 3655 324 3722 tempore
337 3654 367 3704 et
388 3645 590 3724 multiplicata
604 3665 729 3723 maguae
740 3645 774 3706 'in
789 3646 880 3708 variis
891 3643 1037 3710 Graeciae
1050 3646 1224 3708 civitatibus

124 3739 229 3800 turbae
251 3741 388 3802 conavit
431 3741 476 3802 Hi
503 3743 635 3804 hauriens
656 3743 696 3805 ab
721 3743 827 3821 ignara
852 3742 1054 3816 multitudine,
1069 3756 1223 3824 tamqnam

122 3837 270 3916 sapientes
281 3837 386 3912 habiti,
401 3839 457 3918 ipsi
471 3860 540 3900 vero
554 3840 718 3918 sapientiae
732 3840 850 3900 nonnisi
865 3861 971 3901 nomeu
986 3841 1098 3920 injuria
1110 3862 1223 3921 praese

122 3935 257 4008 ferentes,
274 3956 353 3996 vana
378 3937 508 4014 quadarn
535 3937 709 4016 disputandi
734 3937 1004 4011 libidinantur
1028 3939 1071 4000 ait
1095 3939 1222 4014 Tullius,

123 4032 348 4092 “ostentatiouis
368 4042 398 4096 et
426 4043 546 4112 questus
573 4034 681 4099 cauaa''
705 4035 840 4113 permoti,
868 4055 976 4098 novant
1005 4047 1036 4098 et
1061 4037 1222 4098 subdolam

121 4132 268 4210 arguendi
292 4133 428 4205 lbrrnarn,
451 4142 531 4194 recta
552 4153 589 4194 ac
609 4133 733 4207 sincera,
748 4155 838 4213 quarn
865 4135 989 4214 majores
1013 4135 1222 4210 adhibuerant,

122 4231 236 4304 relicta
262 4232 448 4292 invexerant.
491 4232 632 4295 Errnreru
657 4231 713 4294 sub
738 4233 872 4296 veritatis
898 4233 995 4312 specie
1018 4232 1087 4294 rudi
1113 4233 1223 4312 poprrlo

120 4328 280 4408 propinare
298 4339 474 4408 satagentes,
496 4340 530 4390 ut
544 4328 662 4392 facilius
673 4339 703 4389 et
715 4329 847 4392 securius
861 4328 1044 4418 propositum
1060 4329 1117 4390 sibi
1131 4329 1220 4392 finem
