3172 4950
313 473 352 534 20
810 465 926 546 Lapat.

309 679 365 728 tur.
408 665 458 726 Ad
473 665 556 744 cujus
578 663 620 724 rei
634 662 815 724 evidentiam
837 659 1086 721 considerandum
1097 671 1148 732 est,
1161 670 1288 720 mentem
1300 657 1408 718 huma-

309 784 379 825 nam
395 763 555 842 dupliciter
569 760 766 839 contemplari
781 779 864 838 posse
877 768 1017 818 naturam
1032 756 1166 836 aliquam
1182 779 1209 816 v.
1224 779 1251 835 g.
1267 757 1407 816 humani-

309 869 409 920 tatem.
452 857 554 918 Primo
579 857 678 930 ruodo,
699 865 795 936 potest
816 855 899 916 illam
924 855 1120 926 considerare,
1134 865 1168 914 ut
1188 856 1253 934 ipsa
1266 865 1311 914 est
1324 856 1357 912 iu
1371 877 1411 923 ac,

309 956 421 1016 scilicet
435 955 533 1034 ‹pmad
549 965 644 1026 notas,
658 974 735 1034 quae
748 955 844 1033 ipsam
860 953 1055 1023 constituunt,
1069 951 1173 1030 quales
1186 963 1257 1012 sunt
1270 952 1409 1012 animali·

309 1067 354 1114 tas
368 1065 398 1114 et
412 1052 609 1124 rationalius,
619 1051 820 1112 abstractione
834 1051 914 1110 lacta
925 1050 965 1110 ab
979 1049 1153 1122 individuis,
1164 1049 1193 1109 in
1208 1049 1316 1128 quibus
1330 1047 1403 1108 hacc

309 1159 418 1210 natura
442 1157 567 1208 concrete
590 1149 743 1208 invenitur
765 1157 819 1207 aut
843 1147 970 1206 inveniri
997 1156 1099 1225 potest.
1141 1146 1279 1206 Secundo
1302 1145 1401 1211 modo,

308 1256 402 1324 potest.
417 1245 585 1305 intellectus
599 1245 629 1304 in
645 1245 723 1304 hanc
745 1253 884 1304 naturam
899 1243 940 1303 sic
955 1253 1127 1321 conceptam
1144 1244 1161 1302 i.
1176 1263 1201 1302 e.
1216 1243 1365 1303 abstracte
1378 1257 1408 1302 ct

307 1342 451 1413 absolute,
460 1341 619 1413 reflectere,
632 1359 758 1420 eamque
768 1340 975 1419 contemplari.
986 1339 1080 1399 veluti
1091 1339 1219 1398 lin-mam
1234 1337 1409 1417 quamdam,

307 1461 383 1519 quae
396 1439 530 1499 ordinem
545 1439 619 1499 dicit
633 1437 672 1498 ad
686 1437 785 1516 plura,
799 1447 945 1516 quatenus
955 1457 1005 1496 sc:
1026 1437 1065 1496 sit
1079 1435 1193 1514 aliquid
1203 1455 1306 1507 unum,
1318 1435 1408 1514 quod,

307 1539 378 1617 (pria
392 1539 422 1596 in
448 1536 583 1616 pluribus
605 1535 744 1614 subjectis
757 1555 808 1595 seu
832 1532 1024 1594 inferioribus
1048 1533 1202 1593 invenitur
1225 1543 1279 1594 aut
1300 1531 1405 1593 saltem

307 1635 432 1694 inveniri
449 1643 553 1705 potest,
568 1643 663 1712 potest
676 1651 711 1692 eo
724 1631 789 1710 ipso
802 1631 839 1691 de
853 1631 899 1691 his
913 1631 1066 1691 enunciari
1081 1629 1161 1690 etde
1175 1629 1255 1690 facto
1269 1631 1409 1689 enuncia-

307 1741 355 1790 tur
371 1733 486 1790 roncore
500 1741 530 1790 et
543 1730 664 1790 diciaim.
683 1729 725 1807 (n.
741 1729 805 1806 32.)
846 1727 934 1788 Prior
954 1727 1151 1788 consideratio
1165 1727 1308 1788 aldrado
1321 1737 1407 1788 estet

307 1829 457 1888 absoluto:
479 1827 623 1906 posterior
636 1827 769 1886 relativa.
810 1824 861 1884 Ad
875 1825 1004 1904 priorem
1028 1823 1197 1885 habendam
1218 1825 1327 1886 sufficit
1341 1825 1407 1886 abs·

307 1925 430 1984 tractio:
451 1923 490 1983 ad
519 1924 709 2002 posteriorem
737 1942 809 1983 vero
838 1922 1000 2001 requiritur
1027 1931 1181 2000 praeterea
1208 1921 1331 1982 relatio:
1367 1923 1405 1982 ad

306 2023 435 2100 priorem
451 2031 536 2080 aetus
548 2019 671 2080 directus
685 2020 802 2092 mentis,
812 2019 852 2079 ad
866 2019 1057 2098 posteriorem
1069 2029 1153 2079 actus
1165 2021 1272 2080 inentis
1286 2019 1407 2098 reflatus

306 2121 468 2179 necessario
483 2118 652 2196 requiritur.
696 2117 766 2193 Quo
780 2117 886 2196 posim,
896 2117 960 2195 jam
975 2115 1135 2196 intelliges,
1145 2137 1223 2196 quae
1233 2127 1406 2196 sequuntur.

346 2214 426 2273 “Illa
441 2225 550 2274 natura
564 2213 708 2272 abstracta
720 2233 740 2272 a
754 2212 831 2272 notis
856 2211 1125 2284 individuantibus‚
1147 2211 1256 2290 quibus
1279 2234 1298 2273 a
1317 2225 1408 2293 parte

305 2311 346 2370 rei
363 2311 588 2382 concretizatur,
602 2319 632 2369 et
646 2309 771 2369 absolute
785 2311 818 2368 in
831 2330 861 2368 aa
874 2309 1061 2370 considerata
1075 2309 1114 2370 ab
1136 2309 1287 2370 intellectu
1303 2311 1407 2372 huma-

306 2407 371 2480 uo,'’
389 2405 566 2468 Universale
582 2405 823 2486 Metaphysicum
837 2415 867 2466 et
882 2405 1038 2466 Directum
1053 2418 1263 2486 nuuoupatur:
1291 2407 1409 2469 Univer-

303 2505 379 2565 aaa:
400 2505 472 2583 quia
486 2503 656 2582 hujusmodi
671 2511 780 2562 natura
794 2517 940 2580 quantum
949 2511 993 2562 est
1006 2501 1043 2563 de
1056 2523 1096 2576 se,
1106 2513 1179 2582 apta
1192 2515 1235 2564 ast
1249 2513 1284 2564 ut
1297 2505 1329 2564 in
1340 2505 1405 2584 plu·
1492 2559 1495 2564 r

303 2599 385 2660 ribus
409 2599 589 2671 inveniatur,
604 2599 721 2659 tametsi
735 2599 809 2660 haee
830 2599 969 2678 aptitudo
993 2620 1051 2660 non
1074 2600 1173 2662 adhuc
1196 2601 1235 2662 ab
1254 2602 1405 2664 intellectu

221 2725 225 2736 ·
306 2699 336 2757 in
360 2697 451 2776 priori
478 2697 535 2757 isto
556 2707 625 2756 actu
648 2695 865 2757 consideretur:
900 2697 1120 2776 metcpdycicum
1150 2719 1229 2772 vero,
1250 2700 1321 2777 quia
1342 2699 1409 2761 llcet

305 2805 412 2855 natura
427 2793 481 2855 illa
504 2793 592 2854 realis
616 2794 654 2853 sit
678 2804 707 2855 et
731 2793 865 2873 physica,
885 2793 1034 2855 abstracte
1059 2806 1159 2855 tamen
1184 2795 1225 2857 ab
1248 2796 1411 2858 intellectu

306 2893 490 2970 concipitur;
512 2891 652 2952 directum
674 2909 762 2951 vero:
794 2891 866 2970 quia
887 2891 1029 2952 terminat
1049 2891 1244 2952 intentionem
1268 2892 1406 2972 primaru,

307 2988 420 3049 scillcet
432 2999 475 3048 cst
489 2987 636 3067 objectum
653 2987 829 3066 cognitionis
843 2987 982 3048 directae.
1005 2990 1047 3061 (n.
1064 2987 1126 3062 26.)

348 3085 454 3145 “Haec
468 3095 568 3145 autem
594 3098 712 3158 natura,
732 3085 797 3165 jam
812 3085 961 3146 abstracte
985 3095 1137 3164 concepta,
1151 3095 1181 3146 et
1206 3085 1245 3146 ad
1267 3086 1408 3146 inferiora

306 3185 415 3244 relutn''
426 3181 1079 3260 universaleLopicumetBellexumdicitur.
1104 3181 1269 3242 Um'ceraalc
1277 3183 1407 3262 quidem:

306 3284 377 3362 quia
391 3293 435 3343 est
449 3303 543 3342 unum
568 3281 682 3360 aliquid
697 3281 829 3341 ordinem
855 3280 956 3341 dicens
980 3281 1019 3342 ad
1044 3279 1151 3358 plura:
1173 3281 1292 3358 loyiuuu
1319 3301 1407 3354 vero;

305 3383 376 3462 quia
392 3380 440 3442 hic
454 3381 526 3440 ordo
541 3401 592 3438 ens
606 3379 729 3440 rationis
743 3392 786 3439 ast
800 3389 830 3439 et
843 3379 1031 3439 existentiam
1047 3379 1256 3448 tautummodo
1271 3379 1407 3450 idealem,

310 3479 340 3537 in
356 3477 506 3540 intellectu
529 3499 578 3536 sc:
600 3476 802 3554 concipientis,
823 3475 934 3536 habet:
957 3477 1092 3556 reflanturv
1106 3477 1245 3550 demum3
1267 3479 1337 3556 quia
1352 3487 1407 3538 ter·-

310 3579 405 3636 minat
434 3576 625 3637 intentionem
649 3576 818 3646 secundam,
844 3576 956 3636 scilicet
983 3587 1027 3636 est
1052 3575 1200 3654 objectum
1231 3577 1408 3654 cognitionis

311 3673 445 3732 reflexae.
463 3675 504 3748 (u.
522 3673 583 3748 26.)

349 3767 432 3829 Inter
447 3781 606 3847 utrumque
622 3768 789 3828 universale
804 3768 876 3828 haec
891 3769 994 3847 vigent
1009 3768 1190 3829 discrimina.

344 3867 477 3926 Primum
496 3865 661 3927 cst-Vox
683 3866 857 3928 Universalia
872 3867 966 3946 magis
981 3867 1100 3945 proprie
1114 3867 1151 3926 dc
1167 3866 1304 3940 Rcflexo,·
1316 3887 1406 3946 quam

303 3965 339 4025 de
354 3965 478 4025 Directo
509 3955 633 4036 dicitur;
654 3973 683 4024 et
697 3963 774 4024 ratio
788 3974 840 4036 cst,
855 3963 926 4042 quia
939 3963 1016 4023 dirae
1041 3963 1224 4024 conditiones
1238 3965 1276 4023 ad
1292 3965 1409 4024 univcr-

302 4061 451 4122 salitatem
500 4061 666 4140 requisitae,
695 4060 793 4120 unitas
826 4059 939 4120 scilicet
965 4070 995 4120 et
1023 4058 1231 4140 multiplicitas
1258 4061 1288 4120 iu
1317 4062 1407 4139 priori

303 4159 431 4236 arplicite
452 4177 488 4217 ac
501 4159 626 4233 petitine,
642 4157 671 4214 in
697 4157 849 4234 posteriori
866 4175 936 4215 vero
960 4156 1094 4233 implicite
1118 4177 1153 4216 ac
1168 4155 1261 4216 veluti
1279 4159 1406 4234 ueqatlce

302 4256 506 4315 invcuiuutur.
