3172 4950
483 441 529 502 De
551 441 655 502 Privato
669 440 777 501 Mentis
796 439 977 518 (bretolium.
1049 416 1053 424 Ι
1240 437 1277 498 'li'

173 638 385 712 substantiale)
401 638 480 717 qnod
496 658 554 697 non
569 634 820 696 habet-Altera
833 645 877 694 est
891 635 1163 711 aupumentotiont'a
1177 652 1278 692 secun-

178 739 253 796 ‹lnm
282 757 373 816 quarn
397 735 579 812 (substantia
607 721 771 794 materialis
786 733 854 820 jam
876 731 909 791 in
931 750 984 791 sno
1006 750 1066 790 esso
1088 729 1277 790 substantiali

173 835 350 910 eorrstituta)
373 844 469 913 potest
489 834 642 912 acquirere
662 832 871 911 quantitatem,
887 850 947 908 qua
968 839 1064 889 earet:
1087 849 1187 907 qnam,
1201 840 1277 907 post-
1354 843 1363 866 ⁸

179 951 272 1010 quam
286 930 434 1002 habuerit,
448 930 559 990 dieitur
573 930 602 988 in
619 941 687 989 aotu
700 936 833 1006 respectu
848 925 918 987 talis
926 924 1277 1004 lmterrtiae.-Tertiaest

178 1030 366 1099 alterationis,
381 1027 544 1088 securrdnm
565 1047 654 1105 <luam
670 1024 792 1104 aliquod
807 1023 945 1084 accidens
959 1023 1027 1100 (int.
1044 1022 1227 1098 Qualitaeis)
1244 1023 1274 1080 in

175 1147 206 1185 ae
229 1127 358 1204 recipere
381 1135 477 1204 potest
498 1126 560 1184 sive
581 1122 737 1202 spirituale
758 1122 821 1182 sive
843 1119 1015 1199 corporale:
1044 1140 1103 1198 quo
1125 1119 1278 1197 acquisito,

179 1223 291 1282 dieitur
313 1243 373 1282 esse
388 1223 418 1280 in
433 1233 502 1282 actu
526 1219 751 1294 'tali—Quarta
765 1228 808 1278 est
822 1217 863 1278 od
888 1218 986 1288 mmm,
1001 1215 1040 1274 ad
1055 1235 1143 1293 qurum
1167 1215 1277 1274 proveri

97 1355 100 1358 ·
184 1331 286 1398 potest.
329 1321 459 1396 (Conrm.
482 1318 511 1376 in
542 1319 567 1378 1.
594 1339 621 1396 p.
646 1339 673 1395 q.
696 1318 722 1377 3.
737 1337 764 1376 a.
780 1317 823 1393 l.)
867 1315 962 1376 Prout
983 1315 1077 1393 igitur
1099 1313 1209 1372 mobile
1228 1333 1281 1373 sen

181 1417 245 1476 Ena
270 1418 399 1476 existens
422 1417 450 1475 in
477 1415 610 1494 potentia
625 1414 792 1492 coneipitur
805 1433 865 1474 esse
887 1413 918 1472 in
933 1412 1067 1492 potentia
1091 1411 1139 1472 vel
1164 1412 1203 1471 ad
1225 1433 1281 1472 esae

177 1512 364 1572 substantiale
386 1513 561 1589 conpletum,
583 1509 632 1570 vel
660 1509 700 1568 ad
727 1509 932 1586 tarantasiam,
961 1507 1008 1569 val
1030 1507 1070 1568 ou
1098 1508 1281 1584 mastauron,

180 1608 229 1668 vel
252 1609 292 1668 od
324 1609 442 1680 Locum,
475 1607 668 1667 habebuntur
698 1606 832 1666 diversae
865 1605 975 1684 speeies
1002 1606 1203 1664 mutationum
1232 1604 1277 1663 vel

178 1715 322 1766 motuum.

219 1801 289 1860 Duo
304 1811 421 1861 tantum
438 1801 526 1862 velim
542 1801 591 1861 hio
606 1800 749 1861 observes.

222 1901 355 1960 Primum
382 1899 594 1961 esta-Motum
613 1900 735 1978 proprie
756 1899 869 1959 dictum
889 1919 936 1959 so:
957 1901 1147 1968 successionne,
1170 1898 1279 1976 quique

180 1997 303 2075 proinde
318 2017 385 2056 enm
401 2017 484 2056 mora
499 2017 535 2056 ar
556 1996 642 2058 fluxu
658 1995 751 2056 veluti
774 1996 915 2056 continuo
929 1994 990 2068 fiat,
1006 2016 1063 2054 non
1088 1995 1209 2073 reperiri
1224 1994 1278 2052 nisi

178 2095 207 2153 in
233 2094 504 2172 Aopomentotione‚
520 2093 698 2153 Alterotione
712 2113 747 2153 aar
769 2093 954 2170 potissimum
970 2094 1001 2151 in
1017 2105 1098 2151 motu
1123 2091 1210 2151 loruli
1226 2111 1276 2151 seu

177 2191 290 2251 tattone.
335 2191 376 2250 Et
398 2191 440 2248 sir
464 2189 674 2266 intelligendus
697 2199 740 2249 est
762 2189 790 2249 S.
815 2187 945 2249 Thomas
968 2209 1035 2248 oum
1060 2189 1103 2248 nit
1117 2193 1190 2246 “tres
1211 2199 1280 2247 snnt

177 2283 288 2366 speeies
311 2299 415 2359 motus,
440 2308 515 2346 unns
538 2287 668 2365 quidem,
691 2287 741 2365 qui
765 2298 808 2346 est
829 2285 985 2345 recaredum
1007 2288 1205 2366 quontitatem,
1228 2286 1277 2363 qni

178 2397 304 2446 vocatur
326 2385 553 2463 Augnmentnm
568 2395 597 2443 et
619 2383 805 2455 Diminutio;
827 2382 905 2443 alius
926 2393 1036 2454 autem,
1051 2383 1102 2461 qui
1117 2391 1160 2441 est
1180 2401 1276 2440 aaourt-

177 2479 248 2539 dum
258 2481 426 2559 poaribilem.
441 2481 616 2560 mollimen,
630 2490 660 2539 et
675 2490 801 2542 vocatur
815 2479 970 2551 alterati0;
986 2479 1090 2539 tertius
1104 2489 1214 2550 autem,
1229 2478 1279 2556 qui

176 2589 220 2637 est
233 2577 388 2636 aeratrrlum
403 2578 502 2648 tonan,
514 2587 543 2636 et
559 2587 683 2636 vocatur
697 2575 754 2635 looi
769 2576 895 2636 mutatio
912 2577 975 2653 (sau
992 2575 1124 2650 Latio).''
1147 2577 1173 2633 ὃ.
1190 2573 1279 2652 Phys.

179 2673 231 2734 leo.
250 2675 295 2734 14.

217 2772 387 2832 Secundum
402 2771 629 2831 ests-Primum
644 2771 721 2830 inter
735 2791 835 2830 omnes
851 2779 947 2830 motus
957 2790 1018 2830 esse
1040 2771 1171 2831 Loeolem
1186 2783 1280 2833 muta·

179 2873 296 2932 tionem.
342 2871 430 2931 Ratio
452 2881 495 2930 est
509 2870 580 2948 quia
603 2869 774 2943 Generatio,
789 2869 1041 2948 quemadmodum
1056 2879 1085 2930 et
1107 2871 1279 2950 Angumen-

182 2983 254 3037 turn,
270 2969 371 3046 nequit
397 2967 499 3026 haberi
523 2967 585 3026 sine
607 2967 792 3040 alteratione,
807 2979 841 3027 ut
855 2989 891 3026 ex
916 2967 1124 3046 Metaphysioa
1138 2989 1280 3048 suppono.

179 3067 259 3126 Ante
273 3087 390 3124 omnem
407 3086 476 3124 vero
491 3063 698 3124 alterationem
720 3065 870 3144 praeeedit
885 3071 975 3124 motas
989 3065 1094 3124 locato.
1137 3065 1182 3127 Ut
1197 3069 1274 3126 enim

175 3149 249 3224 seito
263 3167 292 3223 S.
319 3163 430 3223 Dortor
453 3162 471 3221 l.
488 3184 512 3220 r.
528 3162 644 3239 arguit:
667 3163 709 3221 “si
732 3161 846 3240 aliquid
869 3161 1026 3235 alteratur,
1041 3183 1155 3222 neeesse
1178 3173 1230 3236 est,
1245 3175 1279 3223 ut

175 3261 214 3320 sit
228 3260 344 3338 aliquid
371 3258 510 3330 alterans,
526 3259 604 3336 quod
628 3260 761 3337 potentia
776 3263 819 3336 (v.
835 3260 877 3337 g.)
902 3259 1034 3320 calidum
1050 3261 1122 3320 facit
1136 3281 1196 3320 esse
1210 3271 1278 3321 actu

178 3355 320 3414 validum.
363 3355 394 3416 si
416 3366 514 3441 sautem
538 3355 594 3413 hoc
614 3354 745 3414 alterans
766 3375 881 3434 semper
895 3367 968 3416 esset
982 3357 1084 3416 eodem
1106 3358 1194 3417 modo
1216 3379 1280 3437 pro-

180 3455 323 3530 pinquum
352 3455 379 3510 in
407 3453 509 3510 vadem
536 3451 679 3510 distantia
704 3451 742 3511 al
771 3453 941 3524 alteratum,
970 3473 1027 3512 non
1054 3455 1148 3532 magis
1171 3455 1281 3515 faceret

174 3550 306 3610 ualidum
322 3571 411 3622 nono,
426 3571 516 3628 quam
541 3551 629 3628 prius.
667 3549 862 3610 Manifestum
877 3559 920 3609 est
934 3570 1004 3628 ergo
1019 3551 1098 3629 qnod
1114 3571 1235 3611 movens
1249 3553 1278 3611 in

177 3647 365 3706 Alterationo
391 3667 447 3705 non
474 3645 612 3705 similiter
636 3646 727 3706 distat
750 3646 788 3705 ab
813 3667 855 3718 eo,
871 3646 950 3725 qnod
972 3646 1134 3718 alteratum
1155 3648 1205 3706 sed
1228 3647 1280 3707 ali-

178 3743 299 3821 qnando
324 3755 367 3802 est
391 3743 594 3822 pmpinquius
618 3743 781 3821 aliquando
810 3745 966 3814 remotius;
988 3745 1066 3822 qnod
1098 3765 1154 3802 troo
1185 3758 1280 3822 potest

177 3841 348 3919 contingere
362 3841 424 3899 sine
439 3840 494 3899 loci
512 3840 702 3899 mutatione.'’
741 3840 860 3899 Exinde
875 3842 1063 3919 consequitur
1077 3853 1188 3901 motum
1205 3842 1280 3902 lora-

180 3938 236 3996 lom
253 3959 313 3997 esse
327 3939 460 3996 omnium
482 3937 724 4015 perfectissimum,
739 3937 818 4016 quod
833 3937 953 4016 quidem
969 3939 1057 3997 etiarn
1074 3959 1109 3996 ex
1126 3959 1160 3997 eo
1174 3941 1282 3999 verita·

179 4049 236 4095 tem
251 4035 351 4104 habet,
363 4037 442 4113 qnod
459 4029 568 4094 mobile
581 4035 678 4093 minus
688 4055 742 4113 per
756 4034 852 4112 ipsum
865 4045 1014 4094 mutetur:
1030 4033 1168 4093 alteratio
1180 4045 1279 4096 autem

181 4133 285 4210 (atquo
316 4131 393 4190 idem
417 4130 679 4210 proportionaliter
700 4131 737 4190 de
760 4131 1023 4208 augumentatione
1046 4131 1220 4208 dicendum)
1237 4141 1280 4191 ta·

179 4229 260 4288 metsi
291 4250 327 4287 ex
352 4228 412 4288 alio
435 4228 533 4306 eapite
555 4228 696 4306 majorem
721 4227 930 4306 perfectionem
953 4248 1007 4286 sno
1031 4227 1136 4286 mobili
1158 4227 1275 4289 adferre

178 4327 286 4396 valeat,
315 4345 431 4404 sempor
459 4337 559 4385 tamen
589 4325 664 4384 illud
691 4326 842 4384 intrinseca
870 4333 975 4385 mutat.
1017 4323 1101 4384 Hinc
1127 4335 1170 4386 est
1197 4327 1276 4405 quod
