3138 4956
832 427 951 507 noan.

338 618 525 680 deducendas
547 621 677 694 accedet,
691 641 768 701 quae
789 625 883 700 napis
905 622 1075 682 reconditae
1097 633 1127 683 et
1147 622 1331 684 difficiliores
1352 638 1447 683 sant:

337 717 447 777 exinde
466 717 593 796 gradum
610 718 699 778 faciet
713 718 751 778 ad
768 719 902 778 notiones
915 729 946 778 et
966 719 1115 798 principia
1128 740 1245 798 semper
1265 719 1450 786 universali·

337 835 398 888 ora,
419 815 513 875 donec
535 817 628 876 menti
650 827 789 876 occurrat
811 816 991 895 principium
1014 816 1147 895 aliquod,
1166 818 1247 896 quod
1269 817 1449 895 suppeditet

325 895 542 992 ‘praedicatum
567 915 700 994 subjecto
725 895 1056 994 conjungendumss-In
1079 915 1135 975 hoc
1158 917 1287 993 onnlysis
1304 935 1448 993 procusa

336 1031 500 1090 numquam
525 1011 611 1072 labor
632 1011 818 1072 frustraneus
837 1012 937 1072 cedet:
960 1013 1007 1072 vel
1029 1012 1108 1072 enirn
1130 1012 1284 1072 obtinetur
1304 1011 1348 1085 id,
1360 1015 1447 1090 quod

336 1108 557 1180 intendebatur,
584 1109 765 1187 quaestionis
785 1129 832 1168 se:
860 1109 978 1181 solutio,
1008 1109 1056 1168 vel
1083 1108 1188 1168 saltem
1218 1109 1295 1169 ratio
1321 1110 1382 1170 erit
1413 1111 1447 1168 in

336 1215 449 1283 aperta
462 1225 513 1264 sen
534 1217 727 1284 cognoscetur
748 1225 847 1278 causa,
861 1226 915 1266 cur
929 1205 967 1264 ad
983 1217 1117 1284 optatam
1138 1205 1315 1266 solutionem
1339 1225 1449 1284 pervc-

338 1306 395 1364 niri
417 1325 475 1365 non
501 1315 607 1384 potest,
629 1305 780 1378 nimirum,
801 1305 873 1383 quia
894 1305 967 1364 data
988 1323 1047 1364 non
1070 1304 1161 1364 fuerit
1181 1303 1285 1383 aliqua
1305 1303 1448 1364 conditio

337 1403 501 1463 necessario
522 1402 664 1480 requisita
677 1403 717 1462 ad
738 1403 906 1480 propositae
926 1402 1106 1478 quaestionis
1126 1401 1314 1472 solutionem,
1328 1422 1367 1461 ex
1382 1421 1450 1479 quo

336 1501 379 1574 fit,
395 1513 429 1561 ut
449 1500 602 1579 proposita
615 1500 749 1578 quaestio
763 1499 802 1559 sit
816 1520 849 1558 ea
862 1519 916 1558 aaa
930 1505 1038 1558 natura
1053 1497 1229 1558 insolubilis.
1270 1496 1307 1556 In
1321 1496 1448 1575 burethe-

338 1601 391 1658 tieo
419 1619 484 1658 uero
502 1619 643 1676 processa,
664 1597 785 1676 quando
805 1597 946 1656 nimirum
969 1597 1147 1676 supponitur
1171 1596 1251 1676 quod
1273 1596 1448 1675 ignoratur,

337 1694 504 1754 maximum
519 1713 580 1754 esse
592 1693 667 1754 solet
681 1694 919 1754 incommodum:
934 1693 1044 1772 poterit
1057 1693 1135 1752 enim
1151 1693 1315 1771 aliquando
1325 1691 1447 1752 contin-

338 1811 415 1870 gere,
430 1801 464 1852 ut
485 1791 559 1851 benc
582 1791 744 1869 incipiatur
763 1790 943 1852 stabiliendo
964 1789 1088 1850 fortuito
1110 1791 1291 1868 principium
1306 1789 1447 1868 aliquod,

338 1889 416 1967 quod
428 1888 467 1949 ad
478 1888 654 1950 solutionem
666 1889 831 1966 quaesitam
844 1887 989 1966 perducat
999 1909 1006 1958 ;
1020 1897 1053 1948 at
1064 1906 1134 1948 vero
1145 1887 1202 1947 hoc
1213 1885 1363 1946 rarissime
1371 1906 1446 1946 oon-

338 1987 442 2064 tinget,
450 1997 481 2046 et
494 2005 553 2046 uon
568 1986 623 2046 nisi
633 1985 812 2064 quibusdam
824 1986 898 2046 viris
909 1984 1043 2044 maximo
1053 1985 1173 2063 ingenio
1187 1983 1331 2063 praeditis
1345 2003 1446 2061 quan-

338 2083 435 2161 doque
445 2083 601 2161 contingit,
613 2093 647 2144 ut
657 2082 751 2144 veluti
765 2083 896 2162 quadam
912 2082 1116 2162 inspiratione,
1127 2093 1162 2143 ut
1171 2083 1216 2142 ita
1225 2082 1335 2154 dicam,
1346 2081 1449 2148 ducti.

339 2199 390 2258 per
404 2181 476 2238 nom
493 2180 630 2258 ryntltesb
644 2181 682 2239 ad
697 2179 856 2240 solvendas
869 2181 1055 2259 quaestiones
1068 2181 1295 2259 perveniant—

378 2276 445 2336 364.
488 2275 639 2336 Probatur
653 2275 695 2336 11.
711 2275 893 2336 Assertionis
915 2277 1167 2355 pars—Quando
1181 2279 1315 2355 quaestio
1336 2277 1444 2356 aliqua

337 2374 428 2434 solato
442 2383 495 2446 est,
508 2384 538 2433 et
552 2373 582 2433 id
598 2393 691 2434 unum
706 2374 816 2452 agitur,
828 2385 862 2434 ut
875 2377 992 2434 incanta
1004 2375 1113 2434 veritas
1124 2373 1191 2434 aliis
1202 2375 1445 2435 communicetur

336 2481 367 2532 et
380 2472 550 2544 suadeatur,
564 2480 687 2552 atroque
699 2473 829 2533 metlrodo
843 2473 888 2532 uti
909 2483 975 2534 tuto
984 2493 1147 2552 pessumus.
1190 2471 1272 2532 Nam
1286 2475 1442 2552 cognosci-

339 2589 403 2628 mus
416 2575 568 2648 utcumque
581 2569 790 2647 propositionis
804 2569 977 2647 probandae
987 2576 1152 2642 mamam,
1167 2569 1379 2630 Praedicatnm
1389 2589 1443 2630 se:

338 2677 367 2727 ct
380 2666 570 2746 Subjectum:
592 2668 797 2745 cognoscimus
819 2668 933 2745 pariter
946 2669 1031 2739 viam,
1045 2687 1105 2746 qua
1128 2687 1221 2726 unum
1236 2677 1443 2727 extremorum

338 2762 376 2822 ad
391 2762 517 2822 alterurn
535 2763 704 2822 reducitur:
726 2763 782 2823 hoc
795 2763 982 2824 solummodo
1003 2764 1217 2824 ostendendum
1232 2775 1376 2838 remanet,
1389 2785 1441 2825 sc:

338 2859 561 2937 “praedicaturn
574 2845 788 2940 affirmandum,
799 2860 848 2922 vel
859 2861 1029 2939 aspendum
1038 2881 1099 2921 esse
1109 2861 1147 2920 de
1157 2861 1319 2941 subjecto.”
1360 2861 1444 2922 Tuto

340 2956 462 3034 proinde
477 2957 676 3034 procedemus,
690 2958 754 3016 sive
768 2977 786 3015 s
800 2957 1035 3016 consideratione
1049 2957 1183 3036 Subjcctr',
1197 2960 1261 3016 sive
1275 2979 1293 3016 a
1307 2958 1443 3018 conside-

339 3053 453 3111 ratione
468 3051 635 3111 lbaedboti
649 3052 931 3114 demonstrationem
947 3054 1145 3132 auspicando:
1161 3054 1185 3114 si
1200 3054 1342 3132 primum,
1357 3055 1443 3114 Anc-

339 3151 438 3227 lysin,·
459 3150 482 3208 si
497 3149 670 3223 secundum,
681 3149 892 3211 adhibebimus
901 3151 1069 3230 nycaeam.
1112 3150 1172 3211 Illa
1184 3152 1324 3230 graditur
1333 3152 1440 3212 eadem

340 3249 397 3318 via,
422 3267 511 3325 quarn
538 3267 620 3306 mens
644 3247 674 3306 in
700 3247 826 3308 veritate
849 3248 1026 3308 inocnimdc
1051 3248 1263 3326 perlustravit;
1296 3247 1443 3325 posterior

337 3345 470 3404 eamdem
500 3345 647 3422 percurrit
674 3345 766 3418 viam,
788 3345 837 3405 sed
867 3345 971 3406 ordine
998 3344 1132 3405 inverso:
1162 3344 1235 3404 haee
1257 3343 1440 3422 incipitubi

338 3441 468 3520 analysis
489 3441 592 3512 desiit3
617 3451 646 3501 et
670 3441 712 3501 ibi
739 3443 872 3514 condant,
887 3441 967 3500 uude
990 3440 1122 3520 analysis
1145 3443 1260 3518 incepit
1302 3439 1444 3519 Utraque

339 3537 523 3598 definitiones
543 3537 675 3611 adhibet,
690 3538 844 3598 axiomata
867 3557 921 3616 pro
943 3539 1169 3616 opportunitate
1191 3537 1341 3618 proppnit,
1355 3537 1440 3597 etad

339 3637 465 3698 sormam
478 3635 644 3714 syllogismi
661 3635 761 3695 reduci
777 3645 890 3714 potest:
906 3646 1034 3713 utraque
1048 3653 1067 3694 a
1079 3633 1241 3694 notioribus
1254 3633 1372 3712 incipit,
1383 3633 1441 3693 bac

337 3734 428 3792 unica
441 3733 618 3804 differentia,
632 3732 711 3810 quod
727 3731 789 3804 illa,
804 3751 823 3790 a
837 3731 946 3809 quibus
961 3731 1067 3810 incipit
1075 3729 1215 3809 analysis,
1229 3731 1440 3790 nobbrosnnt

337 3829 409 3909 quia
433 3829 544 3888 clarius
567 3827 604 3887 ad
628 3829 904 3906 comprehensiones
927 3828 1046 3907 adjecti
1067 3827 1233 3905 pertineut;
1255 3825 1310 3885 illa
1325 3845 1406 3897 vero,
1421 3847 1441 3885 a

339 3925 446 4005 quibus
459 3915 616 3984 exorditur
636 3924 790 4003 synthesis
806 3927 920 3984 notiora
934 3934 1012 3995 sunt,
1027 3923 1098 4001 quia
1118 3923 1230 3982 clarius
1242 3921 1299 3981 sub
1320 3921 1441 4000 pracdi

338 4025 395 4081 arti
408 4023 569 4082 monnone
582 4020 781 4080 continentur.

378 4117 630 4190 Verum,tametsi
646 4127 772 4195 utraque
783 4119 988 4178 methodussit
998 4117 1037 4178 ad
1051 4117 1317 4177 demonstrandum
1333 4123 1400 4176 tato
1410 4133 1440 4176 st

337 4217 426 4290 utilia,
453 4213 650 4294 opportunior
674 4223 774 4274 tamen
799 4214 857 4274 erit
883 4213 1054 4294 Spartano.
1097 4212 1179 4274 Nam
1207 4211 1441 4292 I.-Synthoeis,

337 4313 479 4391 quoniam
508 4331 528 4371 a
555 4311 727 4370 notionibus
754 4310 986 4389 simplicioribus
1012 4325 1042 4371 at
1070 4309 1291 4371 universalibus
1319 4309 1441 4370 initium
