3138 4956
461 455 507 516 De
533 457 630 517 Tertia
653 457 761 517 Mentis
787 457 968 535 ilperctione.
1205 455 1264 514 299

113 673 117 678 ·
161 657 263 711 urana
304 651 405 723 Unde,
419 653 497 712 sicut
510 653 624 712 musica
638 653 727 713 credit
748 654 895 732 principia
910 653 1022 714 tradita
1035 652 1092 713 sibi
1107 653 1146 714 ab
1162 652 1264 712 Arith-

162 747 278 820 metico,
294 749 337 810 ita
359 749 507 810 Doctrina
520 770 606 810 sacra
621 749 712 810 credit
735 751 882 830 principia
907 751 1043 812 revelata
1065 750 1122 810 sibi
1136 770 1155 809 a
1169 749 1263 810 Deo.'’

164 843 370 920 Quamobrem
386 867 423 906 ex
439 867 473 906 eo
488 847 567 925 quod
582 867 666 907 sacra
682 847 829 907 Doctrina
845 847 978 926 procedit
989 867 1026 908 ex
1038 847 1172 907 articulis
1187 847 1264 920 fidei,

162 943 214 1020 qui
229 963 288 1002 non
303 951 374 1003 sunt
397 943 647 1021 personatibus
670 965 729 1003 non
752 944 878 1023 impedit
897 945 1056 1023 quominus
1077 945 1116 1004 sit
1137 945 1263 1004 scientio.

163 1039 244 1099 Nam
270 1041 437 1120 “principia
465 1041 624 1119 cujuslibet
646 1042 788 1102 scientiae
812 1042 860 1102 vel
888 1051 959 1102 sont
982 1048 1052 1102 noto
1074 1061 1131 1120 per
1154 1061 1192 1113 ae,
1218 1040 1265 1100 vel

163 1137 343 1197 redonentur
364 1139 402 1198 ad
427 1138 564 1198 notitiam
587 1141 746 1216 superioria
768 1139 927 1209 scientine;
948 1149 978 1199 et
1000 1138 1170 1216 hujusmodi
1195 1147 1265 1198 suut

165 1235 314 1314 principia
327 1256 429 1296 sacrae
443 1236 623 1296 doetrinae.'’
666 1235 774 1314 Itaque
795 1235 866 1315 Ipsa
879 1236 937 1296 erit
951 1237 1055 1315 utique
1069 1236 1268 1296 subalternum

163 1333 305 1394 scientiae
317 1332 374 1392 Dei
386 1343 416 1392 et
427 1333 600 1406 Beatorum,
612 1344 710 1393 tamen
723 1334 780 1393 erit
792 1353 862 1394 vcra
872 1344 900 1392 et
910 1335 1032 1411 proprie
1043 1333 1125 1394 dieta
1135 1334 1267 1395 scientia.

208 1429 358 1490 Probatur
372 1449 407 1490 11.
424 1430 624 1508 pars.--“Ista
644 1430 767 1490 seientia
784 1429 963 1508 (Theologia
984 1429 1182 1507 Scholastica)
1198 1451 1267 1491 eum

162 1529 211 1599 sit,
222 1537 368 1605 quantum
381 1527 419 1586 ad
431 1527 546 1605 aliquid
558 1527 741 1604 rpemlctioa,
753 1536 782 1586 et
793 1536 938 1605 quantum
951 1527 990 1586 ad
1001 1527 1116 1606 aliquid
1126 1529 1266 1606 practico,

164 1643 266 1682 omnes
280 1619 356 1682 alias
372 1621 554 1682 transcendit
575 1633 636 1682 tam
651 1623 847 1700 epeurlotieos,
862 1643 952 1700 quam
969 1623 1267 1702 practicae-Specu-

164 1720 319 1778 tatioorum
330 1719 408 1778 enim
423 1719 614 1778 scientiarum
628 1739 688 1778 una
698 1718 794 1778 altera
805 1717 926 1796 dignior
938 1717 1058 1790 dicitur,
1068 1729 1130 1779 tum
1146 1728 1267 1798 propter

164 1815 373 1888 certitudinem,
388 1827 452 1876 tum
475 1827 596 1894 propter
610 1815 782 1894 dignitatem
803 1815 952 1874 materiae.
996 1813 1039 1873 Et
1058 1823 1206 1892 quantum
1228 1813 1267 1873 ad

166 1923 326 1992 utrumque
349 1913 424 1973 haee
447 1913 571 1972 scientia
596 1912 671 1972 alias
698 1911 898 1991 speculativas
926 1911 1054 1971 excedit.
1096 1911 1266 1972 Secundum

165 2009 366 2070 certiurdinem
386 2010 523 2089 quidem:
546 2009 618 2088 quia
631 2009 710 2069 aliae
723 2008 863 2068 scientiae
884 2008 1092 2069 certitudinem
1107 2008 1221 2069 habent
1234 2030 1268 2068 en

166 2107 297 2166 naturali
311 2107 420 2166 lumiree
434 2106 557 2166 rationis
572 2105 730 2176 humanae,
745 2125 822 2184 quac
836 2114 932 2184 potest
946 2125 1062 2176 errare;
1077 2105 1151 2164 haec
1165 2113 1265 2164 sertem

166 2201 375 2262 certitudinem
398 2201 490 2262 habet
503 2221 537 2261 ec
559 2201 667 2261 tumim
689 2201 807 2260 divinae
828 2195 972 2272 scientiae,
986 2220 1064 2278 quae
1087 2201 1184 2280 decipi
1205 2221 1267 2262 non

168 2309 271 2376 potest.
313 2297 483 2358 Secundum
499 2298 670 2376 dignitatem
684 2317 755 2358 vero
770 2297 921 2369 materiae,
933 2297 1004 2376 quia
1018 2297 1076 2358 ista
1085 2298 1210 2358 scientia
1223 2307 1268 2358 est

167 2394 373 2473 principaliter
386 2395 424 2454 de
448 2395 492 2467 iis,
507 2414 584 2472 quae
605 2414 659 2454 sua
682 2393 843 2454 altitudine
865 2393 1009 2453 rationem
1035 2393 1265 2454 transcendunt:

167 2490 245 2550 aliae
258 2512 326 2551 vero
340 2492 480 2552 scientiae
491 2491 681 2551 considerant
691 2509 726 2550 ea
740 2502 868 2562 tantum,
879 2509 956 2568 quae
967 2491 1076 2550 rationi
1087 2489 1266 2551 subduntur.

168 2587 407 2647 -Procticarum
418 2607 489 2648 vero
499 2587 690 2647 scientiarum
703 2587 757 2647 illa
767 2587 887 2667 dignior
896 2597 948 2660 est,
959 2607 1036 2666 quae
1046 2589 1085 2647 ad
1095 2587 1266 2648 ulteriorem

169 2683 379 2760 (ultimiorern)
409 2683 498 2743 linem
527 2704 585 2744 non
614 2685 780 2756 ordinatur,
807 2685 885 2744 sieut
912 2683 1025 2744 civilis:
1055 2704 1125 2744 nam
1155 2684 1264 2744 bonum

167 2781 315 2839 exercitus
342 2780 381 2840 ad
410 2780 520 2840 bonum
557 2781 687 2841 civitatis
722 2781 887 2841 ordinatur.
930 2779 1015 2840 Finis
1042 2792 1143 2840 autem
1178 2781 1267 2861 hujus

166 2876 328 2948 doctrinae,
341 2877 529 2955 inquantum
544 2887 588 2937 est
597 2879 737 2954 practica,
748 2887 792 2937 est
808 2877 961 2937 beatitudo
970 2887 1100 2948 aeterna,
1112 2877 1150 2936 ad
1166 2897 1266 2955 quam.

166 2975 244 3033 sicut
257 2973 295 3032 ad
312 2972 452 3033 ultimum
477 2973 575 3044 tinem,
590 2972 768 3033 ordinantur
791 2993 892 3032 omnes
914 2972 966 3032 alii
981 2972 1053 3032 fines
1074 2971 1267 3032 scientiarum

170 3068 379 3146 practicarum.
422 3067 512 3130 Unde
524 3070 712 3129 manifestum
725 3079 769 3129 est
782 3069 939 3130 secundum
949 3091 1060 3130 omnem
1070 3070 1187 3130 modum
1201 3089 1266 3130 eam

168 3164 331 3243 digniorum
352 3185 413 3226 esse
435 3164 620 3225 aliis.”-Ita
641 3165 671 3225 S.
696 3164 907 3226 Doston-Of.
922 3165 1013 3226 etiam
1029 3165 1096 3225 Lib.
1112 3187 1140 3226 n.
1157 3165 1223 3226 259.
1238 3177 1268 3226 et

168 3261 280 3341 proleg.
297 3261 398 3321 ΙΙΙ.-

211 3455 297 3516 Drco
319 3455 419 3516 IX.-—
426 3455 674 3532 Quemadmodum
694 3457 807 3534 duplici
818 3459 867 3516 oin
887 3477 966 3516 mene
978 3457 1268 3536 oeieutiemncquim't,

167 3551 423 3611 inimicumne
437 3551 610 3629 discipilum
625 3553 668 3610 ita
681 3554 828 3612 scientiam
836 3551 1133 3631 imprimam-incipio
1147 3552 1269 3630 ottolyti·

169 3667 213 3720 ce,
233 3647 310 3727 quod
325 3655 441 3726 purtem
461 3648 641 3720 rationalem,
656 3655 682 3708 et
702 3651 735 3708 in
749 3647 874 3708 euidenti
895 3650 1076 3726 perceptione
1092 3667 1228 3708 mneuurn
1244 3655 1270 3708 et

170 3744 366 3815 carnotentium,
381 3743 457 3823 prod
468 3751 580 3822 portem
595 3745 776 3822 ernpyricom,
790 3744 890 3804 ultum
904 3745 1023 3804 resoluit.

329 3839 359 3900 S.
374 3839 430 3901 Th.
446 3843 508 3919 (qq.
525 3840 596 3901 DD.
610 3839 649 3900 de
663 3840 811 3920 Magistro
825 3861 852 3902 a.
869 3841 995 3920 1.)-(1.
1009 3863 1037 3920 q.
1054 3843 1120 3902 117.
1135 3861 1161 3902 a
1179 3843 1270 3914 l.).-

210 4033 344 4094 Assertio
364 4034 439 4094 duas
453 4034 586 4094 continet
605 4045 714 4112 partes,
728 4054 856 4114 quarum
878 4035 977 4114 prima
995 4035 1137 4096 scientiae
1150 4036 1269 4115 nmisi-

168 4129 282 4202 tionem
296 4129 427 4190 secunda
439 4131 581 4191 scientiae
595 4131 794 4191 resolutionem
807 4133 934 4211 respicit.

208 4225 278 4287 350.
321 4226 472 4288 Pmbatur
486 4247 506 4288 1.
521 4226 687 4307 para—Ut
708 4248 791 4288 mens
805 4249 898 4290 novas
912 4229 1095 4308 cognitiones
1108 4249 1147 4289 ex
1161 4229 1269 4308 princi·

169 4322 225 4401 piis
239 4342 293 4402 per
305 4343 336 4384 se
350 4323 428 4385 notis
439 4323 548 4396 eliciat,
559 4344 619 4384 non
631 4323 746 4404 indiget
759 4325 826 4399 nisi,
836 4335 870 4385 ut
883 4325 958 4386 haec
971 4325 1121 4405 principia
1129 4325 1271 4406 subjectis
