3118 4956
820 449 940 528 noym.

276 623 278 632 ¹
322 643 454 704 noudum
470 644 722 723 exploratasunt:
738 643 910 714 dummodo,
922 643 969 704 vel
985 643 1267 703 condemnaturum
1287 643 1427 706 habeant.

325 739 370 800 vcl
386 740 483 800 mdccc
497 741 599 801 ordine
613 741 830 802 contineantur.

364 836 452 912 Quae
465 857 532 897 cum
548 838 590 898 ita
604 839 674 914 sint,
683 838 747 918 jam
762 837 846 897 vides
854 837 1057 897 inductionem
1069 839 1099 896 in
1109 837 1296 918 syllogismos
1306 840 1423 898 resolvi.

324 931 395 992 Tres
409 933 488 994 enim
500 935 632 996 continet
645 933 840 1014 syllogismos,
863 953 916 1012 per
929 954 1002 1013 quos
1016 933 1166 1013 gradatim
1182 955 1201 994 a
1219 935 1422 1014 singulo-ibo«

324 1031 361 1090 ad
377 1032 596 1093 conclusionem
613 1031 811 1094 universalem
826 1034 1036 1112 pervenimus;
1057 1034 1087 1092 iu
1103 1053 1232 1112 quorum

364 1126 566 1189 Primo—Ex
589 1130 748 1190 coustumia
769 1143 799 1190 et
820 1129 1018 1208 uniformitate
1040 1131 1160 1190 effectus
1181 1134 1370 1192 constantiam
1397 1147 1425 1190 et

325 1225 551 1316 truncationem
564 1247 671 1288 causae
686 1227 848 1288 inferimus.

363 1323 599 1384 Secundo-Ex
628 1325 795 1386 constantia
820 1336 849 1385 et
878 1325 1084 1385 uniformitate
1111 1345 1219 1386 musae
1246 1325 1423 1385 irlentitutm·

325 1427 449 1479 naturae
462 1421 509 1480 vel
525 1422 596 1500 lecta
609 1443 628 1482 a
649 1422 715 1482 Deo
736 1432 857 1482 auctore
872 1434 997 1483 naturae
1013 1423 1220 1484 constabilitae
1241 1423 1427 1484 deducimus.

364 1516 564 1578 Tertio-Ex
586 1519 744 1580 identitate
763 1529 889 1580 naturae
910 1521 1152 1581 rtnirrersalitctcm
1166 1520 1279 1598 effectas
1299 1522 1426 1600 regredi·

324 1614 401 1674 endo
421 1616 653 1677 constabilimus.
695 1617 740 1678 cf.
764 1620 854 1678 Auct.
872 1619 947 1694 (uu.
960 1619 1167 1679 95.—97.-et
1190 1639 1240 1678 nn.
1257 1617 1323 1679 219,
1339 1619 1424 1696 220.)

365 1711 413 1770 En
428 1714 650 1790 argumentatio
663 1714 701 1774 sd
716 1713 843 1774 formam
860 1715 988 1776 redacta.

366 1971 596 2130 lletlliriteffeetus
609 2053 784 2114 observatus
797 2067 841 2113 est
854 2062 985 2113 constane
998 2065 1029 2114 et
1044 2054 1214 2132 anconam

366 2129 449 2210 Ergo
463 2133 581 2191 effectus
603 2133 776 2193 observatus
798 2133 905 2212 pendet
922 2155 940 2193 a
955 2154 1044 2194 causa
1065 2135 1211 2194 constanti
1227 2144 1258 2194 et
1272 2134 1423 2194 uniformi.

331 2226 540 2622 {IL-Quod
555 2251 574 2287 c
588 2251 674 2289 cornu
696 2231 837 2306 urtitcrmi
858 2236 883 2288 et
897 2229 1040 2289 cormlcnli
1056 2229 1188 2308 procedit
1213 2230 1315 2290 reduci
1338 2229 1425 2290 debet

332 1889 563 2205 ql-Effectus
583 1899 715 1953 cornacus
727 1903 758 1952 et
771 1893 926 1971 coryco-mia
938 1913 957 1952 a
971 1912 1061 1952 causa
1075 1894 1223 1953 constanti
1238 1904 1267 1953 et
1283 1891 1423 1953 uniformi

367 2307 414 2367 vel
429 2309 468 2368 sd
483 2320 622 2369 naturam
638 2310 872 2382 individuorum,
888 2310 934 2369 vel
951 2310 990 2369 ad
1006 2309 1099 2388 legem
1111 2309 1250 2370 stabilem
1265 2309 1305 2370 ab
1314 2311 1426 2370 Aucto

365 2407 397 2447 rc
411 2399 536 2448 naturae
549 2390 694 2469 positam:

367 2469 462 2547 Atqui
478 2469 597 2530 effectus
612 2469 785 2531 observatus
799 2493 816 2528 o
831 2491 919 2532 cauea
932 2473 1074 2531 constanti
1087 2477 1113 2531 ct
1125 2470 1268 2549 coryco-mi
1276 2471 1428 2550 procedit:

366 2547 450 2628 Ergo
464 2549 583 2612 effectus
597 2551 771 2612 observatus
784 2551 873 2611 debet
886 2551 988 2612 reduci
1003 2561 1049 2612 etc
1050 2597 1216 2612 ........

368 2643 562 2722 Ill—Quod
576 2669 595 2706 a
609 2653 728 2719 natura,
743 2647 791 2708 vel
814 2648 874 2726 lece
888 2655 1012 2707 notum
1031 2647 1162 2725 procedit
1176 2648 1264 2708 debet
1278 2649 1425 2708 verificari

366 2725 395 2784 in
410 2727 542 2785 omnibus
565 2725 737 2800 individuis,
751 2747 828 2806 quae
851 2726 897 2787 vel
921 2727 1049 2786 enrndem
1073 2735 1209 2788 notumne
1232 2729 1427 2820 participant²

366 2805 414 2864 vel
431 2806 522 2866 cidon
537 2807 594 2884 leci
607 2805 823 2886 subjiciuntur:

365 2885 461 2964 Atqui
475 2886 594 2947 effectus
608 2887 781 2948 observatus
791 2887 922 2966 procedit
935 2909 954 2946 c
969 2895 1077 2947 nutum
1092 2935 1255 2950 ........

367 2965 449 3044 Ergo
463 2967 493 3025 iu
509 2967 649 3036 ‹rrrrnibus
660 2967 835 3041 individuis,
849 2989 926 3046 quac
940 3014 1037 3028 .....
1053 2969 1198 3028 verificari
1214 2969 1312 3030 debet.

366 3151 433 3210 233.
474 3150 880 3226 Gerellanum-Quoniam
894 3149 987 3228 igitur
1001 3169 1103 3209 omues
1116 3148 1348 3227 argumentandi
1369 3148 1427 3206 for-

326 3269 392 3308 mae
406 3248 454 3308 vel
468 3247 507 3308 ad
529 3246 735 3326 syllogismum
750 3255 940 3317 revocantur,
955 3243 1002 3306 vel
1017 3245 1041 3304 si
1056 3243 1211 3323 quidpiam
1233 3243 1423 3305 mecledone

326 3345 365 3403 srl
389 3343 593 3423 syllogismum
616 3343 749 3404 revocari
770 3341 896 3414 debeut;
917 3351 1129 3419 consequenter
1149 3342 1263 3401 erravit
1285 3341 1320 3416 o)
1335 3339 1426 3400 Bato

325 3441 400 3512 nius,
414 3441 465 3518 qui
481 3440 652 3501 inductione
667 3439 752 3500 unice
766 3439 896 3511 innixus,
910 3437 1116 3518 syllogismum
1132 3437 1351 3516 repudiandum
1364 3457 1423 3496 esse

261 3557 270 3580 ⁸
324 3537 446 3598 censuit.
488 3535 669 3616 lt)-Tracy,
683 3536 735 3615 qui
750 3535 955 3614 syllogismum
971 3553 1148 3612 omnemque
1168 3533 1423 3592 ratiocinationem

325 3633 362 3692 ad
386 3633 491 3693 Soritis
506 3633 641 3692 *formam
664 3631 797 3694 revocari
820 3629 928 3690 debere
949 3629 1127 3690 autumavit.
1171 3628 1213 3690 Hi
1239 3629 1372 3708 profecto
1395 3643 1423 3688 et

325 3741 471 3808 quotquot
484 3731 615 3806 ipsorum
630 3726 803 3788 auctoritati
823 3726 892 3805 plus
906 3745 1001 3808 seque
1015 3725 1191 3796 fulciuntur,
1207 3745 1302 3803 neque
1324 3725 1424 3784 indue·
1535 3789 1536 3818 r

327 3827 424 3896 tionis,
440 3845 535 3904 utaque
548 3825 655 3894 soritis,
670 3843 766 3902 neque
779 3823 955 3900 syllogismi,
970 3842 1065 3900 neque
1086 3822 1205 3882 demum
1228 3821 1425 3882 ratiocinatio
1535 3819 1536 3840 l

326 3925 372 3984 uis
387 3925 477 4001 ipsius
491 3921 640 4001 aualysim
653 3941 684 3982 se
699 3928 841 3998 umquam
856 3940 894 3980 ex
909 3919 1010 3980 animo
1025 3919 1186 3980 instituisse
1207 3919 1333 3998 putandi
1347 3937 1423 3979 sunt

326 4019 383 4079 loc
394 4021 474 4080 euim
489 4037 639 4096 processus
660 4016 824 4096 syllogismi
840 4016 975 4095 apprime
999 4016 1153 4088 naturalis,
1168 4016 1279 4095 quippe
1301 4029 1424 4075 naturae

327 4119 476 4178 humanae
490 4115 596 4175 mentis
611 4114 797 4193 respondens,
811 4113 898 4192 cujus
910 4113 966 4173 hoc
980 4124 1024 4174 est
1038 4113 1209 4192 proprium:
1232 4116 1287 4172 “ut
1300 4113 1330 4171 iu
1346 4112 1425 4171 iure·

328 4214 436 4274 aiendo
450 4213 598 4292 principis
612 4211 782 4272 communia
805 4210 936 4289 applicet
949 4209 988 4270 ad
1003 4210 1215 4270 determinatas
1237 4210 1385 4279 materias,
1398 4223 1424 4268 et

328 4311 395 4371 iude
410 4310 552 4389 procedat
566 4309 596 4368 in
612 4308 729 4387 aliquas
744 4307 939 4386 particulares
953 4306 1154 4367 conclusiones
1168 4317 1198 4366 'et
1212 4327 1248 4366 ex
1266 4306 1356 4366 bisin
1372 4305 1426 4365 sli-
