3172 4950
511 411 559 472 De
572 411 678 472 Primo
692 411 800 472 Mentis
819 411 1000 491 Operatim

584 816 832 882 ARTICULUS
853 819 896 880 ΙΙ.

556 1031 601 1072 DE
622 1029 931 1096 PRAEDIGABILIBUS.

235 1207 283 1268 37.
325 1205 468 1267 Nationes
482 1205 665 1268 universales
686 1205 764 1266 aliae
776 1215 855 1279 aunt,
869 1225 947 1285 quae
960 1206 1130 1266 referuntur
1143 1205 1183 1266 ad
1197 1206 1292 1269 deter-

194 1303 324 1363 minatas
338 1303 483 1382 quasdam
497 1303 616 1382 species,
631 1311 704 1382 puta
718 1302 925 1375 humanitatis,
939 1302 1143 1376 animalitatis,
1152 1303 1292 1380 viventis,

195 1401 418 1479 corporeitatis:
444 1399 522 1461 aliae
546 1421 617 1462 vero
638 1410 717 1473 sunt,
742 1419 819 1478 quaa
843 1399 1005 1478 respiciunt
1029 1399 1070 1473 id,
1094 1400 1175 1480 quod
1199 1402 1292 1463 variis

195 1516 294 1556 rerum
314 1496 467 1576 speciebus
481 1495 528 1558 vel
542 1495 700 1576 generibus
714 1505 758 1556 est
771 1516 928 1556 commune
940 1517 947 1569 3
969 1506 1059 1576 atque
1072 1497 1129 1558 hae
1141 1517 1294 1576 euprance

195 1603 416 1672 nuncupantur.
459 1593 643 1674 Hujusmodi
670 1604 741 1655 sunt
763 1595 845 1655 notio
868 1594 1069 1670 Substantias,
1095 1596 1293 1673 Quantitatis,

194 1689 368 1765 Qualitatia
381 1691 547 1753 Relationis
555 1701 601 1752 ato
611 1714 617 1752 :
627 1712 704 1771 quae
714 1692 848 1752 notiones
858 1693 1152 1772 praedicamentalas,
1164 1703 1217 1756 aut
1225 1695 1293 1756 sim·

195 1787 301 1865 plicius
320 1788 561 1866 praedicamento
574 1789 725 1864 dicuntur,
739 1789 789 1851 vel
799 1790 891 1850 etiarn
905 1793 1065 1870 coteyorioe
1078 1811 1097 1851 a
1110 1813 1288 1867 καταγορευω

189 1884 336 1962 praedico.
379 1884 446 1946 Has
460 1886 627 1948 considerat
640 1895 706 1948 tum
721 1887 860 1968 Logicus,
874 1895 940 1948 tum
955 1887 1188 1968 Metaphysicus,
1198 1888 1294 1952 diver·

192 2001 227 2041 sa
254 1991 354 2042 tamen
383 1983 506 2045 ratione.
549 1983 775 2064 Metaphysicus
797 1985 877 2044 enim
902 1984 957 2044 has
980 2005 1134 2065 supremas
1158 1987 1292 2047 notiones

193 2079 369 2153 considerat,
392 2081 493 2160 prouti
512 2091 583 2144 sunt
602 2085 716 2161 primae
735 2083 915 2156 intentiones,
930 2081 949 2143 i.
963 2080 987 2142 e
1003 2083 1170 2145 considerat
1183 2083 1294 2163 objecti·

193 2195 242 2234 cos
256 2175 384 2236 rationes
406 2197 457 2237 seu
478 2197 532 2251 res,
547 2198 624 2258 quae
644 2199 698 2258 per
719 2176 890 2258 hujusmodi
915 2179 1048 2240 notiones
1062 2179 1292 2258 exprimuntur:

195 2271 324 2352 logicm
339 2293 409 2333 vcro
423 2273 592 2336 considerat
605 2273 682 2349 illas,
697 2275 797 2355 prouti
811 2283 882 2336 sunt
894 2277 1065 2336 iratastrbncs
1077 2275 1229 2351 secuudae,
1242 2297 1293 2338 seu

192 2367 361 2429 considerat
382 2369 507 2444 modom,
521 2391 581 2450 quo
602 2370 660 2431 hae
679 2390 838 2450 supremae
858 2371 992 2432 notiones
1006 2371 1044 2432 de
1057 2371 1134 2446 aliis,
1149 2391 1223 2451 quas
1236 2371 1294 2433 sibi

192 2462 342 2543 subjectas
356 2465 477 2541 habent,
483 2467 657 2545 praedicari
665 2475 794 2546 possunt.
829 2467 924 2529 Hunc
937 2477 1038 2529 autem
1052 2468 1176 2530 modum
1190 2470 1294 2557 nequit

194 2563 324 2643 Logicus
338 2585 521 2644 cognoscere,
535 2566 593 2626 nisi
606 2566 689 2645 prius
703 2576 861 2646 cognoscat
874 2565 1108 2646 praedicabilia:
1129 2576 1200 2628 sunt
1212 2567 1291 2627 enim

188 2661 424 2740 praedmobilr'o:
447 2663 617 2743 “generales
638 2663 832 2743 praedicandi
846 2664 956 2726 modi.'’
998 2662 1204 2740 Quamobrem
1218 2673 1295 2725 trac·

193 2759 300 2820 tatiani
328 2761 366 2821 dc
394 2759 652 2840 praedicamentis,
680 2781 699 2822 a
725 2781 786 2841 qua
813 2761 969 2823 exorditur
1002 2760 1182 2822 Aristoteles
1208 2781 1293 2822 suam

197 2855 352 2935 logicam,
369 2857 524 2937 praemisit
544 2855 730 2936 Porphyrius
750 2858 960 2919 tractationem
975 2856 1013 2917 de
1027 2855 1295 2932 Praedicabilibus,

192 2972 269 3032 quae
283 2953 406 3032 leopope
420 2953 581 3032 Porphyrii
594 2941 716 3014 inscribi
741 2952 824 3014 solet
865 2953 911 3015 Cf.
926 2951 1065 3014 Toletum
1080 2953 1211 3033 Logicae
1225 2952 1295 3015 Pro-

191 3049 330 3110 oemium.
370 3049 464 3111 Hunc
475 3049 583 3129 agendi
597 3070 718 3123 morem,
733 3070 822 3129 quem
836 3070 939 3111 omnes
953 3049 1125 3111 Aristotelis
1138 3049 1296 3112 Commen-

192 3153 301 3205 tatores
312 3145 422 3206 imitati
433 3156 511 3218 sunt,
523 3156 553 3207 ct
573 3167 626 3206 nos
640 3147 766 3226 sequuti,
781 3167 903 3226 agemus
917 3146 1015 3226 primo
1026 3145 1063 3206 de
1078 3145 1291 3207 Praedicabili-

193 3242 257 3316 bus,
283 3255 313 3304 et
327 3253 429 3323 postea
442 3245 480 3305 de
493 3244 756 3306 Praedicamentis.

235 3341 345 3417 Quoad
368 3341 583 3420 praedicabilia
597 3353 697 3402 autem
712 3342 815 3420 quaeri
829 3351 933 3421 potest

235 3438 464 3516 Primo-Quot
489 3439 550 3499 sint
573 3439 606 3500 et'
623 3459 788 3518 quaenam:
812 3438 972 3515 Quomodo
997 3439 1123 3502 describi
1138 3440 1251 3519 possint
1264 3450 1295 3502 et

194 3554 339 3612 quasnam
355 3535 551 3613 proprietates
566 3535 719 3596 habeant?

236 3631 575 3708 Secundo-Quomodo
589 3631 628 3691 ad
644 3631 773 3712 invicem
787 3630 1040 3692 subordinantur?

232 3725 533 3803 Tertio-Quomodo
547 3747 578 3788 se
591 3727 704 3788 habent
718 3727 757 3788 ad
772 3727 900 3788 invicem
914 3729 1047 3789 extensio
1061 3738 1091 3789 et
1104 3728 1296 3807 comprehen-

193 3825 237 3884 sio
252 3824 381 3885 notionis
394 3825 593 3886 universalis?
983 3833 985 3838 '

233 3961 326 4046 oret.
348 3985 625 4046 r-natcaaara
634 3984 845 4046 manuum
854 3987 999 4066 quam.-
1026 3983 1133 4058 cena,
1148 3984 1294 4065 offen

192 4084 244 4154 tic,
256 4081 378 4160 Spccs'aa
393 4081 559 4161 Proprium,
574 4081 724 4142 Accidens.
753 4165 755 4170 Ι

233 4232 280 4292 38.
323 4231 474 4292 Probatur
493 4229 790 4293 assertio-L—Tot
803 4242 873 4291 sunt
894 4228 1121 4310 praedicabilia,
1137 4240 1210 4309 quot
1223 4241 1296 4292 sunt

191 4329 344 4410 generales
367 4329 456 4401 modi,
471 4328 580 4407 quibus
602 4325 718 4407 aliquid
732 4327 762 4386 in
778 4326 880 4407 aliquo
903 4327 1048 4388 contineri
1063 4345 1099 4387 ac
1119 4325 1244 4406 proinde
1258 4326 1296 4389 de
