3358 4952
479 429 526 490 De
545 430 680 490 Sataialo
703 430 811 491 Mentis
838 430 1019 510 Opmutsbae.
1245 431 1301 489 159

240 624 354 684 Eodem
372 646 506 703 processu
522 637 738 686 convertuntur
754 625 889 686 Modales
901 627 938 686 de
952 627 1114 687 necessario
1125 639 1156 686 et
1171 624 1302 704 possibili

202 723 321 799 nepotis,
337 721 384 782 vel
400 743 434 780 ac
447 721 618 800 impossibili
631 723 693 783 sive
707 721 865 794 affirmato,
875 723 939 784 sive
952 732 1070 802 negato,
1083 735 1116 783 ut
1130 743 1166 781 ex
1183 721 1303 782 tabellis

201 817 240 876 de
260 817 493 896 aequipollentia
508 817 647 897 colligere
662 819 779 898 poteris.

243 913 520 992 Secundo-Quod
543 926 642 977 autem
659 916 767 976 attinet
780 916 819 976 ad
841 917 1064 977 enunciationem
1082 939 1115 975 ει·
1128 917 1305 994 coatiupcuti

197 1015 319 1090 proprio
332 1024 467 1091 sumpto:
491 1013 548 1072 hae
562 1012 610 1072 vel
631 1023 701 1073 sunt
715 1013 911 1092 afflictatione,
926 1013 975 1074 vel
989 1016 1147 1092 nepotiuoc.
1189 1013 1220 1072 Si
1235 1025 1305 1072 sunt

201 1109 472 1188 a)-uffimaativoc,
487 1110 589 1170 eodem
605 1110 702 1182 modo,
717 1131 752 1170 ac
767 1109 930 1182 absolutae,
944 1121 1169 1181 convertuntur,
1183 1131 1212 1171 v.
1227 1133 1255 1189 g.

201 1206 405 1284 “Contingens
426 1221 469 1266 est
490 1227 577 1266 omne
592 1206 653 1283 (vel
676 1206 813 1285 aliquod)
830 1229 849 1266 o
862 1227 923 1266 esse
937 1207 992 1266 b:''
1015 1207 1096 1285 Ergo
1111 1207 1304 1284 “contingens

578 1315 622 1363 est
635 1303 758 1382 aliquod
774 1304 790 1363 b
806 1324 866 1364 esse
880 1304 926 1364 o.'’

242 1399 272 1459 Si
288 1409 389 1460 autem
411 1401 523 1460 fuerint
537 1401 779 1479 b)—neqntione:
801 1402 832 1461 in
847 1401 904 1461 hac
919 1402 1086 1482 hypothesi,
1102 1401 1149 1461 vol
1173 1401 1305 1462 modales
1398 1412 1402 1420 '

203 1507 274 1556 stunt
283 1498 495 1574 particularem
517 1496 565 1558 vel
579 1499 760 1558 uuiccrsulas.

243 1593 349 1664 ‘tt-si
361 1594 575 1672 particularem
596 1605 812 1655 convertuntur
825 1596 1010 1674 simpliciter:
1033 1618 1060 1657 v.
1075 1619 1102 1675 g.
1134 1641 1136 1646 -

284 1689 485 1768 “contingens
499 1702 542 1750 est
556 1691 687 1769 aliquem
702 1691 852 1752 hominem
868 1711 926 1752 non
941 1713 1002 1753 esse
1015 1692 1119 1752 album
1130 1693 1155 1753 :'’
1178 1713 1244 1770 erpo

284 1786 486 1866 “Contingent
500 1799 544 1847 est
557 1786 678 1866 aliquod
694 1787 798 1848 album
814 1809 872 1849 non
887 1809 948 1849 esse
962 1788 1141 1850 bominem.''

205 1883 380 1963 Numquam
394 1885 474 1943 enim
500 1884 529 1942 in
546 1884 602 1944 hac
625 1883 755 1944 formula
769 1885 860 1945 datur
880 1906 1023 1946 conversa
1037 1907 1118 1958 vera,
1132 1897 1162 1946 et
1186 1907 1314 1946 eonven.

205 1996 269 2043 tens
282 1983 367 2044 falsa.

243 2079 349 2156 tlt—Si
365 2080 558 2150 anniversalem·
579 2082 712 2141 converti
726 2083 893 2159 aissauplioiter
907 2091 1059 2162 nequeant.
1102 2082 1181 2142 Nam
1199 2083 1306 2143 vitiosa

203 2187 279 2238 esset
292 2178 366 2238 haec
381 2178 609 2256 consequentia3

286 2275 488 2354 “Contingens
502 2285 546 2335 est
560 2275 677 2335 nullum
693 2276 843 2336 hominem
858 2296 919 2336 osse
932 2275 1037 2336 album
1047 2275 1073 2335 :’'
1096 2297 1162 2354 capo

286 2372 488 2450 “(loutingens
502 2381 546 2433 est
559 2371 678 2432 nullum
693 2372 797 2432 album
811 2393 873 2433 esse
886 2373 1065 2433 hominem.”

204 2469 286 2528 Nam
301 2491 434 2530 conamen
449 2489 519 2529 vera
533 2481 576 2529 est
588 2491 595 2529 :
609 2470 755 2548 siquidem
767 2468 913 2548 “quilibet
926 2469 1015 2529 homo
1030 2479 1196 2548 potestesse
1211 2451 1306 2537 albus,

203 2577 234 2627 et
248 2587 307 2626 nou
322 2587 383 2628 ease
396 2565 483 2627 albus
492 2567 519 2626 :‘'
533 2574 695 2626 oooamrtaas
708 2578 808 2627 autem
823 2575 867 2628 est
880 2566 974 2649 falsa;
988 2566 1133 2646 siquidem
1145 2584 1204 2625 non
1216 2563 1307 2642 quod-

205 2663 280 2724 libet
299 2662 403 2724 albur‘n
429 2674 526 2743 potest
545 2683 606 2724 esse
620 2673 650 2724 et
672 2684 729 2725 non
746 2685 806 2724 esse
820 2663 919 2737 homo,
934 2683 1002 2724 cnm
1018 2683 1167 2724 necessum
1182 2663 1222 2722 sit
1236 2660 1308 2720 “ali-

204 2759 285 2838 quod
300 2759 403 2820 album
421 2765 510 2839 (puta
523 2760 632 2830 nivem,
647 2770 700 2820 aut
715 2765 860 2839 cygnum)
875 2779 936 2819 non
951 2779 1012 2820 esse
1026 2759 1205 2820 hominem.'’

248 2858 407 2934 Quomodo
422 2857 516 2936 igitur
530 2859 766 2918 conuertuntur?

203 2965 208 3030 Ι
246 2953 673 3034 Respondeo.-Conversione
687 2957 721 3015 in
731 2957 890 3034 oppositam
900 2955 1073 3035 qualitatum.
1104 2953 1191 3014 Haec
1204 2963 1306 3014 autem

206 3052 359 3112 conversio
380 3060 452 3111 tunc
474 3050 602 3112 habetur
623 3071 715 3130 quum
737 3071 774 3112 ex
790 3051 979 3128 affirmativis
999 3050 1158 3130 negativae
1180 3055 1263 3122 liunt,
1279 3062 1308 3109 et

207 3147 345 3220 vicissim,
376 3149 496 3207 immotis
523 3147 748 3226 persistentibus
775 3148 905 3207 wastinis
932 3157 962 3207 et
989 3148 1135 3206 incuruata
1170 3155 1308 3206 manente
1388 3159 1392 3174 ¹

207 3245 374 3324 qttovttilula.
389 3263 418 3303 v.
432 3265 460 3322 g.
1129 3225 1133 3236 ⁵

288 3342 491 3420 “(bntingens
505 3353 549 3402 est
562 3361 680 3401 omnem
694 3339 846 3400 hominem
862 3338 1007 3400 currere.”
1052 3337 1134 3416 Ergo

288 3437 489 3517 “Contingens
503 3447 547 3498 ost
561 3437 678 3498 nullum
695 3438 844 3498 hominem
859 3437 1006 3498 currere.'’

207 3545 238 3596 et
251 3557 267 3595 e
282 3555 431 3597 converso.

252 3633 324 3708 Qua
338 3632 369 3690 in
386 3651 417 3691 re
431 3631 679 3692 considerandum
695 3647 747 3705 est,
762 3631 841 3710 quod
862 3631 1011 3709 sapienter
1031 3629 1169 3690 observat
1183 3631 1212 3690 S.
1234 3629 1311 3690 Tho

208 3749 287 3790 mas:
310 3727 452 3808 “Triplex
476 3741 519 3789 eat
542 3729 734 3808 contingens:
756 3728 802 3789 vel
829 3728 870 3787 od
891 3728 1065 3800 oronaim,
1089 3741 1130 3800 ut,
1146 3727 1312 3807 “contingit

208 3825 358 3886 bominem
373 3845 434 3885 eme
447 3824 550 3884 album
562 3825 587 3885 :’'
611 3825 657 3884 vel
672 3833 705 3885 ut
717 3827 751 3884 iu
760 3824 907 3903 plut-ibam,
924 3836 957 3885 ut
971 3823 1137 3902 “contingit
1157 3823 1309 3884 hominem

209 3921 318 3982 habere
332 3921 406 3982 duos
419 3921 521 3982 oculos
530 3922 556 3980 :'’
571 3921 619 3982 vel
634 3929 667 3981 at
679 3923 713 3981 in
721 3921 921 4000 paucam-idus,
932 3930 967 3981 ut
976 3920 1145 3999 “contingit
1158 3921 1308 3980 homiuem

207 4039 269 4079 «aaa
291 4017 737 4097 monoculum.”—Contingens
751 4027 851 4078 autem
867 4017 907 4076 od
921 4016 1086 4078 aarumlilat
1100 4017 1222 4091 dicitur,
1240 4020 1313 4097 quia

207 4127 282 4196 quot
294 4111 418 4196 possunt
431 4115 532 4188 inesse,
544 4125 589 4176 tot
603 4125 726 4194 possunt
740 4113 893 4175 removeri.
936 4113 1019 4189 Ergo
1033 4114 1176 4192 negativa
1189 4124 1219 4174 ot
1232 4115 1310 4174 affir-

207 4213 322 4274 mativa
335 4225 405 4274 sunt
426 4211 516 4272 simul
531 4209 850 4290 verao.-Gontingens
864 4221 974 4283 autem,
989 4219 1023 4270 ut
1036 4212 1070 4269 ia
1088 4209 1234 4288 plumbus,
1249 4231 1308 4271 non

208 4310 394 4372 convertitur
407 4311 438 4369 in
462 4309 637 4388 contingens
651 4317 687 4370 ut
698 4309 733 4369 ia
752 4307 899 4394 pluribus,
914 4307 964 4367 sed
980 4307 1010 4366 in
1033 4307 1207 4386 contingens
1229 4317 1263 4367 ut
1278 4308 1311 4366 ia
