3124 4954
460 424 505 486 De
521 425 621 486 Priora
639 423 744 486 Marto
764 421 945 504 Operatione.
1203 421 1246 484 73

142 623 306 696 risibilitas,
321 623 390 683 item
405 623 448 682 sol
464 641 493 682 et
517 623 617 682 radius
639 636 709 682 sunt
722 623 810 680 oirnul
831 629 961 699 ternpore,
976 633 1004 681 et
1019 633 1118 681 temen
1144 621 1245 681 Homo

145 739 187 780 ast
210 733 320 782 natura
342 722 423 800 prior
446 721 624 793 risibilitate,
639 732 668 780 et
690 720 740 780 Sol
767 731 810 780 est
833 705 1046 798 traturaprior
1068 718 1168 777 radio:
1192 738 1244 776 nee

149 818 238 878 etiam
256 823 305 895 (ut
318 819 463 893 arbitror)
478 818 554 877 dicit
563 818 746 895 pruritum
759 817 913 894 diyuilalis
921 838 931 885 ,·
945 815 996 874 sod
1010 826 1127 876 tanturn
1144 815 1247 892 ‹lqren-

144 917 275 974 alentium
292 917 380 975 unius
394 915 433 975 ab
447 915 516 984 olio,
531 925 688 993 tamquam
703 913 822 973 effertus
835 934 855 972 a
868 933 922 972 sua
937 933 1034 972 eausa.

187 1013 235 1071 ltx
251 1013 339 1072 dietis
354 1012 484 1089 colliges

185 1103 546 1168 Primo-Posterioritas
560 1123 603 1168 est
618 1107 666 1168 vel
681 1110 822 1185 temporie
838 1107 884 1167 vel
902 1110 1124 1187 eorreeqrwutiao,
1142 1105 1186 1166 vel
1203 1128 1244 1164 or·

144 1206 225 1264 dinis
240 1205 287 1265 vel
311 1205 464 1283 diynitniie
487 1205 532 1265 vel
556 1213 687 1265 relaturae.
729 1204 809 1265 Nam
832 1205 862 1262 in
885 1204 1035 1282 oppositis,
1057 1214 1129 1282 quot
1153 1203 1245 1262 modis

146 1305 260 1364 dieitur
276 1325 374 1376 norom,
389 1304 511 1363 totidem
528 1303 623 1364 modis
636 1303 748 1364 dicitur
762 1304 891 1362 oliorum.

113 1472 120 1488 ι
186 1399 442 1459 Secundae-Non
460 1391 608 1478 repugnat
618 1419 713 1458 unnm
727 1399 865 1477 idemque
879 1399 975 1458 inultis
987 1397 1080 1457 modio
1089 1418 1151 1458 esse
1165 1399 1245 1476 prius

148 1497 192 1554 vol
220 1497 364 1575 posterius
374 1520 386 1566 :v
402 1497 541 1570 similiter
566 1517 658 1557 unum
683 1517 743 1556 esse
764 1499 893 1574 priuaet
912 1491 1055 1573 porteion
1078 1495 1172 1555 altero
1196 1496 1247 1556 oo

145 1595 256 1654 «tireno
278 1601 412 1672 reopeotu.
454 1594 503 1653 Sic
524 1615 552 1654 v.
567 1615 594 1672 g.
618 1615 687 1672 pars
708 1605 752 1653 est
774 1595 855 1672 prior
877 1603 938 1653 toto
963 1601 1080 1665 nutura,
1106 1593 1248 1672 posterior

143 1691 304 1768 niquitate:
325 1690 369 1751 sol
383 1703 425 1750 est
440 1692 522 1769 prior
538 1691 621 1750 radio
636 1701 699 1750 tum
714 1691 922 1769 ooruoquontio„
938 1701 1001 1750 tum
1016 1697 1131 1749 notiora.

185 1787 443 1848 Tertia-Omnis
464 1808 554 1848 eausa
568 1798 612 1847 est
633 1790 724 1865 prior,
739 1797 849 1848 natura
864 1787 970 1846 saltem
984 1788 1037 1864 (ac
1052 1787 1175 1865 proinde
1189 1809 1245 1846 non

143 1907 254 1962 «eomer
265 1886 400 1963 tempore)
415 1907 469 1944 suo
483 1886 595 1945 effectu.

184 1983 213 2042 S.
229 1981 360 2042 Thomas
374 1993 586 2043 commemorat
600 1983 694 2046 alium
705 1984 869 2060 prioritatis
883 1982 1013 2051 modum,
1027 2001 1113 2060 quem
1127 2003 1246 2060 nonem-

145 2081 232 2139 tr'onia
246 2079 381 2158 appellat
395 2079 541 2158 illumque
555 2078 704 2158 prioritati
717 2079 897 2156 perfeetionis
909 2079 1040 2158 opponit.
1083 2077 1130 2137 Ea
1145 2079 1247 2138 dicun·

147 2190 195 2235 tur
209 2178 310 2255 priora
331 2179 524 2254 qenerotioua
539 2196 616 2254 qnae
639 2176 720 2254 prius
734 2175 827 2247 finnt;
850 2176 892 2235 sie
915 2195 988 2254 puer
1003 2176 1067 2235 viro
1089 2175 1170 2254 prior
1184 2187 1246 2245 θεῖ’,

144 2293 179 2332 eu
194 2292 266 2333 vero
288 2272 431 2332 dieantur
447 2272 621 2350 *perfectione
644 2273 752 2350 priora,
767 2291 843 2350 quae
867 2271 1014 2332 nobiliora
1036 2282 1121 2332 sunt:
1143 2272 1184 2332 sie
1199 2273 1246 2333 vir

149 2391 239 2448 puero
262 2371 343 2449 prior
356 2380 406 2430 est.
449 2370 603 2446 Quoniam
627 2390 696 2430 vero
711 2369 857 2431 naturalis
880 2371 1031 2448 generatio
1053 2371 1187 2448 prooedit
1208 2370 1247 2430 ab

148 2469 320 2547 imperfecto
347 2467 387 2528 ad
413 2467 585 2546 perfeetum,
611 2477 823 2546 consequenter
851 2467 1120 2546 perfectiora'sunt
1144 2468 1247 2528 ordine

143 2565 340 2638 qeneruiionio
355 2565 525 2643 posteriora.

279 2661 411 2738 Quaeres
426 2662 645 2739 Iis—Quinam
660 2674 690 2722 et
704 2674 777 2742 quot
790 2675 859 2722 suist
872 2663 1034 2723 Simultotio
1050 2663 1149 2723 modi?

185 2759 234 2820 92.
277 2759 573 2839 &spondeo-Dua
585 2760 727 2820 dicuntur
738 2760 826 2818 anni
835 2760 955 2835 quando
967 2769 1105 2820 neutrum
1118 2761 1243 2821 alterurn

145 2859 297 2936 praeeedit
311 2858 358 2918 vel
373 2858 563 2938 subsequitur
576 2860 639 2919 sive
652 2859 807 2918 duratione
820 2859 882 2918 sive
892 2857 995 2918 ordino
1008 2859 1071 2918 sive
1081 2880 1246 2938 consequen-
1314 2865 1318 2872 ’

144 2957 187 3013 tiu
200 2955 264 3016 sive
278 2963 393 3014 natura
436 2955 597 3034 Sequentee
617 2964 838 3016 enumerantur.
881 2954 1084 3014 I.-Simultao
1096 2959 1247 3034 tetmaris,-

143 3053 188 3112 sie
201 3052 333 3112 dicimur
345 3051 432 3112 simul
457 3071 575 3111 enrrere
589 3061 620 3112 et
634 3051 725 3130 loqui,
739 3051 764 3111 si
787 3049 933 3110 currendo
955 3050 1121 3129 loquamur.
1164 3051 1247 3111 11.-

143 3151 284 3210 n'r'rnnltoo
297 3157 440 3218 naturae,·
463 3149 591 3210 habetur
605 3151 683 3210 inter
696 3149 765 3221 du0,
780 3147 902 3226 quaein
917 3149 1126 3226 consequentia
1142 3161 1246 3209 mutuo

143 3257 372 3320 convertuntur,
387 3259 415 3307 et
438 3259 576 3308 nentrum
592 3259 635 3308 est
649 3269 739 3308 eausa
760 3247 899 3308 alterius:
921 3247 1124 3326 quamobrem,
1140 3259 1173 3308 ut
1187 3249 1246 3309 duo

141 3345 234 3404 armat
245 3357 355 3404 natura
378 3345 527 3418 dieantur,
542 3345 602 3404 duo
616 3354 686 3404 sunt
708 3344 879 3404 necessaria.
922 3343 1057 3403 Primum
1080 3355 1138 3404 est:
1162 3359 1194 3404 ut
1209 3345 1247 3404 ab

144 3463 206 3500 uno
231 3441 271 3501 ad
295 3441 423 3501 alterum
446 3442 485 3501 sit
506 3442 670 3501 necessaria
692 3443 899 3520 commonentia,
915 3450 1061 3518 quantum
1084 3441 1122 3500 ad
1145 3461 1245 3500 eornm

141 3537 355 3608 existentiam
377 3548 410 3596 nt
432 3539 458 3596 ei
475 3545 562 3614 pater
581 3544 628 3608 eat,
643 3548 687 3596 est
709 3537 797 3596 etiam
814 3537 906 3616 filino.
948 3535 1116 3595 Secundum
1133 3547 1191 3596 nst:
1215 3549 1248 3596 ut

144 3645 288 3694 rrorrtrum
303 3635 341 3694 sit
355 3655 443 3694 causo
457 3635 586 3694 alterius.
630 3633 755 3694 Deteetu
772 3634 878 3712 prioris
892 3632 1078 3704 conditionis,
1093 3635 1206 3693 urrinrol
1218 3649 1246 3695 et

141 3734 227 3791 lonrro
242 3752 301 3790 non
316 3747 385 3790 suut
399 3733 487 3790 einutl
499 3743 625 3803 tratura3
648 3751 700 3790 nee
719 3732 893 3808 generatim,
910 3730 1057 3808 loquendo
1070 3732 1205 3808 superins
1219 3745 1247 3792 et

143 3829 278 3887 iul'erius.
294 3831 338 3905 (u.
355 3829 416 3895 50.)
461 3828 587 3888 Defeotu
601 3829 779 3906 posterioris
793 3829 835 3888 ool
847 3838 876 3887 et
889 3828 993 3887 rodino
1007 3849 1065 3888 non
1080 3840 1150 3890 sunt
1163 3831 1250 3889 oirrtul

143 3936 277 3994 tratura;
299 3924 341 3982 eol
365 3925 442 3982 enirn
466 3937 509 3983 ost
531 3945 621 3984 caiisa
643 3924 727 3984 radii.
770 3923 907 4003 Uimque
921 3925 1053 3985 conditio
1067 3925 1097 3984 in
1118 3927 1246 3986 relotioio

143 4022 293 4082 liabetur:
316 4041 384 4080 nam
412 4021 491 4081 valet
505 4021 544 4080 ab
567 4041 627 4081 uno
641 4022 680 4080 ad
702 4019 829 4082 alterum
853 4021 959 4093 illatio,
973 4033 1004 4081 et
1024 4042 1115 4081 unum
1132 4043 1189 4083 non
1205 4037 1249 4086 est

141 4139 237 4177 eausa
251 4116 382 4177 alterius.
426 4117 516 4178 Unde
530 4119 657 4180 relativa
671 4119 814 4180 dicuntur
827 4139 888 4178 esse
900 4119 989 4178 simul
1001 4129 1110 4179 natura
1126 4121 1168 4197 (n.
1184 4123 1247 4193 tu.)

142 4212 395 4274 Ill—Simulare
418 4215 643 4292 consequentiae
668 4213 795 4274 habetur
820 4215 897 4274 inter
921 4235 964 4286 ea,
989 4233 1066 4292 quae
1089 4236 1120 4275 se
1146 4226 1249 4278 mutuo

142 4314 289 4384 inferunt,
306 4321 339 4372 nt
353 4331 380 4371 v.
395 4333 423 4389 g.
440 4313 518 4371 inter
532 4310 645 4371 risibile
658 4321 688 4370 et
702 4309 864 4371 rationale:
886 4319 966 4371 tenet
980 4311 1059 4370 enim
1074 4331 1250 4392 consequen·

688 4409 726 4468 10
