3138 4956
343 383 399 444 288
837 383 955 462 Loyiea

340 579 508 638 etiamtum
525 579 662 656 fonnem,
685 597 775 656 qnam
798 577 914 637 effectui
937 577 1112 656 impertiret,
1127 588 1191 638 tum
1207 578 1368 650 meeum,
1382 597 1440 656 qna

300 739 304 747 .
338 676 457 736 allectus
481 686 638 746 constaret,
651 675 714 736 sive
738 675 812 734 haec
836 674 963 734 materie
985 673 1025 734 sit
1043 675 1166 753 proprie
1189 673 1281 746 dicta,
1306 695 1367 752 qua
1390 695 1438 734 sc:

339 783 558 852 componuntur
570 773 755 834 substantiae
768 791 869 832 omnes
890 771 1067 843 materiales,
1082 771 1145 832 sive
1159 763 1296 832 ldtrirsirna
1310 783 1439 850 accepta,
1537 829 1538 832 ,

341 873 470 947 (ionitae
485 872 621 930 rrroteriee
648 868 822 948 accipiendo
850 867 993 947 quicquid
1021 869 1112 929 habet
1134 869 1280 938 radonem
1295 869 1438 947 sabjecti),
1537 891 1538 948 f

340 967 504 1046 cujusmodi
529 977 573 1027 est
593 966 755 1056 substantie
778 977 909 1045 respectu
935 965 1135 1038 amidmtium,
1160 968 1281 1025 mentia
1308 975 1437 1044 respectu

340 1066 511 1138 macretas,
526 1071 635 1124 natare
648 1075 781 1142 respectu
798 1062 1023 1141 persuadetis,
1037 1082 1097 1140 qno
1111 1082 1196 1121 sensu
1219 1062 1311 1121 etiam
1326 1061 1356 1119 in
1371 1060 1436 1120 sub-

337 1163 454 1223 stantiis
468 1161 717 1222 immaterialibus
731 1161 838 1222 creatis
852 1159 1004 1220 invenitur
1019 1159 1152 1230 materia,
1168 1158 1217 1219 vel
1230 1157 1338 1218 melius
1352 1178 1436 1216 censo

339 1260 505 1332 matemala,
519 1279 596 1338 quae
618 1258 712 1337 magis
733 1249 827 1336 patet,
850 1277 940 1335 qnam
963 1257 1089 1316 materia
1104 1258 1226 1334 proprie
1246 1254 1434 1316 dicta-Fa·

338 1357 459 1416 tendum
485 1367 584 1416 tanren
609 1367 662 1427 est,
676 1355 755 1415 hanc
780 1353 898 1433 plenam
914 1365 945 1413 et
965 1353 1133 1414 absolutam
1160 1373 1362 1432 rerumquae
1386 1373 1436 1412 nos

337 1454 539 1525 circumstant,
554 1453 753 1531 cognitionem
779 1453 812 1512 iu
829 1455 980 1530 praesenti
1001 1453 1060 1511 uita
1083 1472 1142 1511 non
1164 1472 1225 1512 esse
1248 1451 1433 1530 possibilem

336 1550 386 1608 sed
401 1549 457 1610 boc
471 1569 530 1610 nou
546 1550 679 1629 impedit,
690 1549 849 1628 quominus
860 1550 923 1628 ejus
937 1549 1095 1628 descriptio
1108 1549 1171 1620 flat,
1182 1549 1433 1628 quemadmodum

337 1667 395 1708 non
410 1648 573 1727 impeditur
595 1646 756 1708 Geometra
770 1667 789 1707 a
803 1646 975 1706 definitione
996 1646 1102 1706 circuli
1124 1647 1256 1725 perfecta
1279 1646 1433 1716 tradenda,
1537 1639 1538 1696 l

336 1746 404 1806 licet
428 1745 557 1806 circulus
585 1745 731 1824 perfectus
755 1744 786 1804 in
814 1763 913 1804 rernm
942 1753 1061 1816 natura,
1077 1743 1123 1804 vel
1147 1745 1180 1803 in
1208 1744 1431 1804 existentiarum

339 1859 461 1902 numeru
476 1861 534 1902 non
551 1841 731 1902 inveniatur.
772 1840 818 1902 Cl'.
835 1839 989 1920 Kleutgeu
1005 1842 1106 1919 (tract.
1121 1843 1148 1900 4.
1164 1861 1189 1901 c.
1205 1841 1231 1900 2.
1248 1862 1276 1900 n.
1293 1841 1375 1916 294.)

496 1936 588 1997 Hisne
601 1936 832 2015 praestabilius:

375 2034 441 2094 337.
484 2032 635 2093 Probatur
648 2051 669 2092 1.
685 2053 754 2111 pars
764 2032 1117 2092 assertionis—Primum
1129 2043 1341 2110 argumentum
1353 2032 1433 2092 dmu-

337 2132 428 2191 mitnr
442 2151 476 2191 ec
490 2138 577 2209 parte
587 2131 694 2209 objmte',
708 2130 747 2190 de
760 2151 819 2210 quo
837 2131 964 2192 scientia
985 2130 1294 2192 habetur—Scientia
1309 2143 1353 2191 est
1369 2151 1433 2210 per·

327 2228 404 2303 y'eota
418 2228 458 2286 rei
474 2228 605 2304 cognitio.
648 2227 739 2290 Unde
749 2227 794 2288 sic
805 2247 907 2306 arguo.
940 2227 986 2290 Ut
998 2229 1123 2308 persecat
1137 2228 1432 2308 lrabeaturcognitio‚

334 2323 422 2384 debet
435 2325 508 2384 ordo
530 2321 634 2386 idealis
658 2325 838 2386 adamussim
864 2325 1040 2404 respondere
1064 2325 1162 2385 ordini
1182 2327 1273 2396 renli;
1294 2338 1324 2386 et
1337 2345 1433 2386 conse·

305 2480 315 2500 Ι
333 2431 458 2499 quenter
478 2431 549 2482 tunc
569 2421 691 2500 perfecte
707 2422 897 2500 cognoscitur
910 2441 964 2493 res,
979 2421 1099 2499 quando
1120 2423 1319 2500 cognoscitur,
1333 2423 1431 2501 prouti

333 2529 375 2575 est
389 2517 420 2574 in
441 2516 546 2576 ordine
567 2513 731 2595 onmloqioo,
745 2517 808 2577 sive
830 2517 1003 2589 emensae,
1016 2517 1080 2578 sive
1098 2517 1242 2578 essemus.
1283 2518 1380 2597 Atqui
1401 2518 1431 2576 in

334 2613 437 2672 «saline
450 2613 606 2691 orembpe'ee
619 2622 663 2674 est
674 2613 877 2692 dependenter
886 2633 906 2673 a
919 2613 979 2674 suls
993 2614 1098 2674 causa.
1135 2613 1218 2693 Ergo
1228 2625 1301 2674 tunc
1314 2613 1432 2692 perfode

228 2771 229 2774 Ἴ
333 2710 520 2788 cognoscitur
535 2729 589 2781 ras,
603 2726 672 2769 cnm
687 2708 921 2787 dependentem
934 2713 995 2770 suis
1007 2711 1103 2770 menia
1116 2710 1355 2789 cognoscitur.—

371 2805 763 2884 Secundumargnmentnrn
775 2805 1433 2884 desumitnrexpertet'atellectns.-·Pcrfecta
1537 2819 1538 2880 j

330 2904 454 2964 scientia
478 2903 691 2982 illaast‚qnae
709 2902 815 2982 explet
835 2905 1055 2982 propensionem
1077 2905 1242 2964 iterassem
1264 2897 1433 2965 intellectus
1537 2901 1538 2938 l

334 3001 466 3061 humani.
508 3001 606 3079 Atqui
634 3001 803 3062 intellectus
830 3001 980 3062 humanus
1007 3001 1177 3064 naturalem
1207 3003 1432 3080 propensionem

331 3097 421 3158 habet
432 3099 474 3158 ad
487 3097 703 3176 inuadpundus
716 3117 818 3157 casses
839 3117 938 3158 rerum
951 3108 985 3158 et
1007 3119 1067 3158 non
1078 3099 1216 3177 quiescit,
1231 3098 1288 3159 uisi
1311 3097 1433 3177 quaetio

331 3197 408 3275 ipses
422 3196 603 3275 cognoverit.
646 3195 728 3274 Ergo
737 3195 865 3256 scientis
878 3195 1003 3274 perferte
1018 3207 1089 3256 tunc
1104 3195 1241 3267 habetur,
1251 3193 1375 3274 qnando
1389 3213 1434 3253 res

330 3302 549 3372 cognoscuntur
562 3311 616 3370 per
630 3294 763 3370 ipsumam
776 3313 927 3352 miuus.—

370 3389 504 3450 Tertium
533 3399 743 3468 argumentum
768 3389 982 3448 desumitnrea
1004 3394 1088 3466 perte
1107 3388 1211 3466 &jacti
1227 3387 1434 3448 inmundus-

329 3487 575 3566 Objectnmenim
592 3485 759 3547 intellectus
772 3497 817 3546 est
829 3505 890 3560 ens,
903 3485 960 3546 snb
976 3487 1090 3546 ratione
1098 3485 1171 3546 veri.
1192 3484 1315 3544 Veritas
1332 3497 1433 3546 autem

330 3585 359 3643 in
371 3583 596 3662 adaequatione,
606 3601 657 3643 sen
671 3581 868 3642 similitudine
881 3583 924 3642 rei
938 3582 978 3642 ad
991 3601 1060 3643 snas
1071 3601 1175 3642 causas
1184 3581 1329 3642 cona'stit
1351 3579 1435 3659 Erga
1537 3655 1538 3660 η

330 3679 496 3740 intellectus
517 3699 590 3751 rem,
605 3679 704 3757 pronti
724 3693 772 3739 est
792 3698 875 3751 ‘vera
890 3697 949 3738 non
971 3678 1132 3757 cognoscit,
1146 3677 1203 3738 nisi
1228 3677 1309 3738 hanc
1330 3679 1375 3738 rei
1394 3678 1433 3738 sd

328 3795 395 3838 snas
416 3793 521 3837 cauma
542 3775 782 3836 conformitatem
803 3775 1040 3854 deprehenderit
1082 3775 1133 3834 Ad
1160 3795 1221 3836 rem
1244 3773 1277 3836 S.
1291 3774 1434 3836 Thomna

329 3873 428 3934 “Scire
442 3873 557 3953 aliquid
571 3883 616 3934 est
628 3873 933 3952 perferteoognoseere
946 3872 1061 3951 ipsam:
1078 3873 1134 3934 hoa
1145 3883 1246 3933 autem
1256 3881 1301 3933 est
1313 3873 1434 3952 perstas

328 3971 548 4050 apprehendere
561 3969 624 4049 ejus
637 3971 783 4030 ararem
790 3991 800 4039 ,·
821 3969 924 4030 eadem
936 3969 1019 4029 enim
1034 3981 1105 4030 sunt
1117 3969 1268 4049 principia
1279 3970 1364 4047 (roo)
1375 3991 1433 4030 asse

328 4067 369 4126 rei
383 4077 414 4128 et
426 4068 553 4127 emtam
572 4065 674 4145 ipsius,
688 4075 723 4126 nt
743 4075 826 4144 patet
839 4085 877 4125 ex
893 4066 919 4126 2.
935 4065 1041 4145 Metap
1042 4111 1208 4126 ........
1223 4064 1433 4144 Oportetsrgo
1537 4087 1538 4167 q

326 4165 475 4238 somnam,
489 4165 513 4224 si
536 4173 581 4224 est
599 4163 730 4241 peresa
752 4179 938 4242 cognoscens,
961 4162 1041 4242 quod
1065 4171 1225 4241 cognoscat
1246 4182 1368 4222 cansam
1391 4161 1432 4221 rei

326 4263 443 4326 sebae?
480 4261 515 4322 S.
529 4259 585 4321 'lla
596 4261 643 4338 (l.
658 4259 739 4321 Post
754 4259 868 4342 Analy.
883 4261 902 4322 l.
917 4260 960 4340 4.)
