3138 4956
420 445 467 506 De
493 447 588 506 Tertia
608 445 715 506 Mentis
741 443 922 523 Operatione.
1160 438 1218 497 295

94 661 191 719 quae
205 661 243 701 ex
263 641 360 720 gradu
381 641 531 712 sensitivo,
545 640 593 700 vel
608 659 646 700 ex
661 639 869 720 conjunctione
882 636 1029 698 sensibilis
1043 655 1111 695 cnm
1128 633 1215 693 ratio-

93 737 174 796 nali
189 737 384 816 dependeant,
399 747 546 816 quantum
561 736 599 796 ad
616 737 684 796 istas
705 735 830 796 scientia
844 734 880 794 dc
894 733 1007 794 domiue
1020 731 1161 793 scientiae
1175 729 1210 789 de

95 835 238 892 animali
258 833 530 893 subalternabitur:
553 844 586 893 at
600 834 673 893 haec
694 832 912 893 subalternatio
929 831 1070 910 partialis
1083 841 1134 902 est,
1151 849 1209 888 non

107 929 264 988 tutela.-

158 1026 364 1102 Quamobrem
383 1037 416 1087 ut
429 1027 560 1086 obsolute
574 1037 604 1086 ct
617 1027 711 1087 crata
724 1025 941 1086 subalternatio
957 1024 1113 1094 habeatur,
1123 1041 1219 1080 neces·

103 1143 182 1182 sum
199 1135 258 1182 est:
281 1127 334 1183 “ut
347 1122 509 1202 sujectum
523 1122 747 1183 subalternatae
760 1122 854 1182 addat
868 1120 1071 1180 ccddeutolem
1085 1117 1218 1177 differen-

106 1221 192 1279 tiam
207 1220 329 1298 subjecto
338 1220 478 1280 scientiae
488 1219 731 1292 subalternantis,
743 1229 777 1279 ut
791 1219 870 1278 linea
884 1218 1003 1278 usualis
1014 1217 1100 1277 addit
1115 1216 1219 1286 lineae,

109 1341 261 1380 numerus
288 1341 407 1379 senonas
422 1340 567 1391 numero,
596 1339 703 1398 corpus
738 1319 903 1378 humanum
939 1315 1068 1376 meabile
1104 1315 1219 1391 corpori

109 1418 260 1476 humano.
303 1415 353 1476 Ex
377 1416 434 1476 hec
457 1416 536 1476 enim
560 1415 767 1494 conjunctione
788 1414 927 1494 provenit
949 1421 1012 1473 tum
1028 1423 1063 1471 ut
1085 1410 1218 1480 scientia,

107 1533 196 1591 quae
215 1513 376 1590 specialiter
405 1512 572 1573 considerat
592 1513 787 1591 proprietates
808 1533 845 1570 ex
868 1510 922 1570 illo
943 1509 1101 1587 conjuncto
1123 1515 1157 1566 ut
1177 1508 1219 1566 sic

111 1621 284 1681 nranantes,
295 1610 334 1668 sit
348 1609 460 1669 diocrm
471 1629 490 1668 a
500 1609 633 1680 scientia,
642 1628 719 1687 quae
733 1607 882 1668 abstrahit
892 1606 931 1666 ab
943 1605 998 1666 illa
1008 1605 1219 1684 compositione

109 1718 146 1766 et
169 1705 337 1785 subjectum
360 1706 521 1766 secundnm
545 1727 577 1766 sc
598 1705 782 1766 considerat:
804 1715 868 1765 tum
893 1705 993 1776 etiam,
1017 1715 1050 1764 ut
1066 1704 1220 1782 principib

111 1805 190 1864 talis
203 1803 344 1863 scientiae
356 1803 416 1863 sint
430 1803 621 1868 conclusiones
641 1802 800 1881 superioris
813 1802 971 1872 scientiee;
992 1801 1064 1880 quis
1078 1801 1217 1860 nimirum

113 1901 315 1978 proprietates
328 1899 397 1959 talis
412 1899 567 1978 compositi
582 1897 721 1958 oriuntur
734 1919 771 1958 ex
787 1898 857 1978 ipsis
872 1898 1124 1977 componentibus,
1138 1907 1169 1955 et
1182 1917 1217 1954 ex

114 1998 362 2077 proprietatibus,
376 2017 451 2076 quas
470 1995 633 2057 secundum
649 2017 679 2056 se
700 1995 821 2066 habent,
836 2005 866 2055 et
879 1995 910 2054 in
930 1993 1075 2072 superiori
1095 1991 1218 2052 scientia

112 2094 388 2154 demonstrantur.”
430 2092 620 2154 Saurania

159 2193 231 2268 Quo
246 2193 358 2272 posito:
465 2252 470 2262 ,

160 2289 249 2350 Prob.
267 2292 291 2348 1.
309 2289 489 2349 Assertionis
504 2286 717 2368 pars-Nulla
732 2307 770 2346 ex
785 2286 917 2365 quinque
930 2285 1080 2345 recensitis
1090 2282 1219 2344 scientiis

114 2385 267 2466 dependet
280 2385 476 2446 essentialiter
490 2385 529 2445 ab
540 2385 636 2445 altera
649 2387 682 2444 iu
693 2384 900 2444 matriculae.
930 2381 1010 2442 Nam
1022 2399 1219 2460 unaquaeque

114 2485 274 2562 proprium
288 2502 374 2543 suum
391 2481 536 2562 objectum,
548 2480 694 2542 resultans
707 2501 745 2540 ex
760 2480 870 2540 diuerso
884 2478 1093 2540 abstractionis
1113 2477 1219 2556 gradu,

118 2581 219 2641 habet.
244 2565 470 2658 'Unaquaeque
494 2579 586 2639 habet
603 2579 729 2657 propriu
752 2598 807 2638 sna
827 2579 998 2656 principium
1020 2577 1093 2636 baec
1117 2587 1217 2636 autem

116 2688 190 2738 sunt
213 2676 388 2736 immediata
412 2685 442 2736 et
466 2674 744 2736 indemonstrabilia
768 2675 901 2734 mtermiw
924 2673 1028 2734 saltem
1052 2683 1082 2733 et
1106 2672 1219 2746 directe,

116 2774 198 2854 quod
221 2774 342 2852 quidem
364 2773 511 2834 sufficiens
525 2784 576 2846 est,
592 2784 626 2833 ut
645 2771 827 2832 evidentiam
851 2771 983 2832 habeant
1003 2771 1167 2830 immediate
1181 2770 1220 2830 ab

120 2870 226 2931 habitu
251 2870 471 2949 Principiorum
494 2881 524 2930 et
547 2870 701 2930 scientiam
725 2869 898 2947 ingenerare
920 2868 1039 2947 possint
1083 2867 1220 2942 Quodsi

118 2967 300 3046 quandoque
329 2966 538 3046 Metaphysica
566 2967 623 3026 ista
650 2965 798 3046 principia
825 2964 999 3035 confirmat;
1021 2965 1093 3024 haec
1118 2977 1217 3023 tamen

121 3064 261 3143 probatio
276 3063 408 3140 u)·-non
435 3073 478 3122 est
501 3061 677 3141 simpliciter
700 3061 863 3122 necessaria
876 3061 915 3120 ad
935 3061 1083 3140 judicium
1099 3061 1219 3119 evidens

121 3159 229 3220 talium
246 3159 471 3239 principiorum,
485 3158 556 3237 quia
570 3178 607 3218 ex
623 3157 827 3230 terminorum,
838 3156 947 3236 quibus
958 3165 1103 3228 meamet,
1115 3176 1219 3234 appre

120 3257 271 3329 hensione,
287 3255 423 3334 cognosci
446 3267 568 3334 possunt
581 3255 749 3316 evidenter:
771 3252 965 3333 b)-insuper
987 3254 1060 3314 haec
1083 3253 1220 3332 probatio

120 3374 179 3414 non
193 3365 269 3413 estu
288 3353 393 3431 priori,
409 3371 503 3430 neque
518 3351 635 3424 directo,
649 3351 699 3411 sed
715 3371 767 3430 per
782 3350 978 3424 deductionem
993 3349 1033 3409 ad
1055 3347 1219 3420 absurdum,

122 3450 168 3510 vel
183 3449 223 3510 ad
237 3470 388 3509 summum
403 3469 456 3528 per
469 3448 601 3527 aliquam
618 3468 737 3508 causam
754 3450 949 3508 mamaea.

162 3547 228 3607 346.
266 3547 417 3606 Probatur
426 3547 452 3606 2.
462 3545 630 3606 assenionis
640 3545 969 3624 pars—Metupbysica
976 3546 1079 3604 ceteris
1089 3545 1218 3604 scientiis

125 3644 312 3704 naturalibus
341 3655 469 3722 praestet
498 3645 610 3700 rationo
644 3638 758 3718 (ripaei.
803 3639 857 3700 Est
884 3641 962 3699 enim
992 3639 1216 3718 Metaphysieae

121 3741 266 3821 objectum
284 3740 348 3800 Ens
362 3741 560 3810 iurauerint,
574 3739 636 3798 sive
646 3739 812 3815 praemiss,
826 3737 890 3796 sive
900 3738 1026 3814 puertiae.
1069 3735 1213 3797 ‹Iamvero

125 3839 183 3898 llus
205 3838 403 3908 immateriale,
418 3851 565 3915 qnatenus
578 3836 656 3894 recle
677 3847 730 3905 est,
744 3846 875 3912 praestat
899 3832 971 3893 Enti
987 3834 1096 3911 lepram
1117 3849 1219 3911 quate

122 3954 176 3993 uus
191 3953 260 3993 vero
275 3947 318 3992 est
331 3935 365 3990 ‘ia
387 3955 518 4010 suprestis
532 3932 783 3992 imuuteriulitdu«
807 3931 912 4009 prada,
928 3943 1059 4009 praestat
1074 3931 1157 4003 Euti,
1173 3932 1218 3990 vel

122 4027 290 4089 sanabiliter
304 4027 445 4100 rriutabe'li,
460 4029 507 4089 vel
534 4035 659 4108 quanm
684 4040 829 4106 quatenus
856 4049 925 4088 vero
949 4041 992 4088 est
1016 4029 1080 4088 Ens
1100 4032 1220 4106 perdice

124 4126 327 4196 immateriale,
349 4148 398 4184 sc:
421 4125 503 4192 Deus
526 4125 563 4186 Ο.
586 4123 640 4196 M,
663 4125 742 4202 quod
769 4125 856 4184 modo
878 4127 1062 4204 speculativo
1087 4127 1218 4204 attingit,

125 4234 251 4302 praestat
265 4223 388 4301 objecto,
403 4223 482 4301 quod
498 4223 554 4282 sibi
577 4222 698 4282 moralis
720 4221 864 4300 praefigit
906 4223 983 4282 Cum
998 4224 1076 4282 enim
1093 4223 1220 4284 Moralis

120 4325 244 4399 prosimu
266 4323 390 4381 scientia
411 4321 459 4393 sit,
481 4320 563 4381 notio
586 4319 653 4392 Dei,
668 4340 758 4399 quam
781 4321 846 4399 ipse
870 4319 1001 4398 praebet,
1016 4321 1167 4398 suadmur
1190 4322 1221 4380 in
