3138 4956
776 413 909 468 INDEX.

717 695 933 750 ARTIOULUS
949 695 971 747 1.

607 895 651 938 DE
666 894 866 938 liNIVlillSALl
884 893 918 934 IN
934 893 1077 934 (lENERE.

294 1072 340 1132 31.
383 1071 571 1144 U'niversale,
585 1081 718 1151 spectata
734 1071 762 1132 vi
780 1069 869 1142 vocis,
884 1079 928 1128 est
942 1089 1035 1128 unum
1052 1088 1153 1128 versus
1167 1087 1217 1126 seu
1233 1065 1391 1145 respiciens

375 1169 486 1230 multa:
509 1167 588 1228 unde
602 1167 782 1247 quintuplex
797 1177 849 1238 est,
861 1167 891 1226 iu
906 1165 1054 1226 coraoudo
1067 1186 1115 1225 so:
1130 1165 1160 1224 in
1175 1170 1391 1242 repraesentan-

374 1265 419 1336 do,
441 1265 470 1324 in
492 1252 694 1344 oiyniflonailn,
716 1264 746 1322 in
762 1262 876 1323 essendo
898 1272 927 1321 et
948 1263 978 1320 in
1000 1258 1299 1339 praedicando-De
1319 1258 1391 1318 duo

374 1360 429 1420 bus
442 1361 556 1422 ultimis
572 1361 626 1421 liic
640 1362 748 1440 agitur.

293 1475 378 1536 Dico
399 1475 465 1536 Ι.-
473 1475 636 1537 Unioaranie
651 1477 774 1554 proprio
788 1473 895 1532 dictam
910 1474 944 1550 (i.
959 1493 981 1532 c.
998 1473 1029 1531 in
1044 1471 1167 1542 essendo,
1182 1478 1208 1529 et
1223 1471 1254 1528 in
1271 1469 1391 1547 proedi-

361 1621 365 1631 .
413 1572 520 1648 condo)
526 1573 598 1651 jure
611 1573 710 1632 merito
725 1569 916 1630 describitur:
937 1574 1048 1627 “artum
1062 1573 1162 1642 aptum
1177 1587 1233 1626 ease
1248 1567 1280 1623 ia
1294 1564 1390 1622 multra

418 1679 443 1730 et
451 1669 623 1748 praedicuri
636 1670 672 1728 de
685 1669 782 1727 multis
795 1671 913 1728 univoce
927 1673 954 1726 et
966 1665 1107 1725 divisim.'’
1171 1711 1177 1722 .
1261 1711 1267 1721 .
1350 1663 1387 1719 18
1492 1660 1496 1668 “

294 1783 340 1842 32.
364 1783 410 1842 33.
452 1782 579 1861 Singula
590 1781 682 1842 verba
692 1778 1044 1860 explicantur.-Un,itas
1055 1789 1085 1838 et
1098 1773 1387 1837 caniniunioabilitas

375 1879 413 1939 nd
429 1879 597 1940 universale
612 1875 1007 1958 requiruntur.-Probatur
1022 1875 1164 1950 Assertio.

281 1993 381 2059 Dico
403 1991 486 2052 ll.-
494 1990 659 2052 Univeraale
673 1996 711 2049 eat
725 1989 769 2048 vel
781 1988 1016 2066 Metapltyairam,
1031 1987 1074 2046 oei
1088 1987 1242 2064 inparem:
1261 1985 1388 2062 primurn

415 2087 574 2159 Direotum,
587 2086 743 2146 necandam
758 2085 908 2164 Rationum
924 2085 995 2162 jaro
1010 2083 1222 2142 denominatur.
1264 2127 1270 2140 .
1353 2079 1389 2138 19

295 2203 342 2264 34.
365 2204 411 2263 35.
455 2201 546 2263 Unde
559 2200 816 2261 denominationes
829 2199 887 2260 hae
907 2194 1333 2274 desumantur.—Explicatur
1346 2215 1390 2252 as·

373 2314 597 2376 sertio-Inter
612 2323 771 2392 utrumque
785 2312 954 2372 universale
974 2321 1103 2390 quatuor
1116 2320 1187 2369 suut
1207 2309 1389 2368 discrimina.

295 2411 553 2474 Primum-Vox
588 2411 748 2472 antonno
769 2410 864 2488 magis
885 2409 1003 2488 propri(³
1023 2407 1061 2467 de
1082 2406 1203 2479 reflexo,
1231 2426 1322 2485 quam
1352 2405 1389 2463 de

373 2509 486 2569 directo
501 2508 620 2569 dicitur.

293 2620 693 2683 Secundum-Univetsale
713 2621 858 2680 directum
880 2618 1062 2698 praescindit
1075 2619 1114 2676 ab
1136 2617 1251 2677 unitate
1264 2627 1294 2676 et
1314 2637 1391 2676 com·

374 2717 612 2778 municabilitate
626 2717 690 2788 (se:
711 2715 949 2794 multiplicitate)
963 2735 970 2786 ;
992 2713 1136 2774 reflexum
1148 2732 1218 2773 vero
1232 2723 1390 2792 utramque

323 2866 327 2874 .
374 2816 456 2887 dicit,
470 2837 518 2875 sc:
541 2815 687 2875 unitatem
702 2813 798 2893 qrwod
807 2833 846 2884 se,
858 2810 1112 2890 multiplicitatem
1127 2810 1225 2888 quoad
1235 2812 1387 2870 amisium

374 2931 445 2972 suae
458 2911 619 2973 relationis.

294 3022 660 3085 'lentium-Universale
681 3022 825 3082 reflexum
847 3026 988 3101 supponit
1009 3023 1164 3094 directum,
1185 3022 1271 3100 eique
1290 3041 1391 3101 super·

373 3121 459 3181 addit
470 3119 645 3180 relationem
656 3119 695 3180 ad
707 3119 858 3179 inferiora.
894 3117 1015 3178 Exinde
1026 3119 1157 3197 quinque
1168 3129 1391 3197 consequuntur

374 3217 599 3289 Itoodionbilio,
627 3237 704 3296 quae
731 3216 856 3276 totidem
884 3227 954 3276 sunt
982 3215 1162 3276 universalia
1190 3215 1297 3294 logica,
1319 3216 1391 3294 quia

373 3313 493 3374 reflexa.
536 3313 715 3375 Universale
744 3333 813 3374 vero
848 3313 1003 3386 (lineatum,
1029 3323 1131 3393 utpote
1158 3313 1389 3373 fundamentum

373 3409 485 3483 reflexi,
514 3409 573 3470 dici
594 3410 698 3488 nequit
729 3409 840 3482 Genus,
862 3410 988 3489 Species,
1010 3409 1197 3480 Differentiae,
1219 3409 1392 3487 Proprium,

373 3508 538 3580 Accidens;
559 3507 609 3568 sed
624 3515 741 3568 tantum
757 3507 865 3568 horum
878 3509 1066 3586 principiam.
1262 3515 1266 3522 '

294 3623 656 3704 Quartum—Quocirca,
677 3623 756 3701 quod
783 3621 903 3682 identico
924 3621 961 3680 de
986 3621 1175 3681 inferioribus
1200 3620 1394 3698 praedicatur

376 3741 435 3779 nou
451 3729 494 3779 est
507 3719 564 3779 nisi
579 3718 758 3781 Universale
772 3717 939 3792 Directuni,
954 3717 1052 3797 quoad
1070 3717 1109 3789 id,
1124 3717 1200 3798 quod
1214 3717 1392 3795 concipitur.

378 3836 436 3876 non
452 3816 522 3876 item
538 3815 637 3894 quoad
651 3813 777 3888 modurn,
792 3835 845 3893 quo
860 3815 1034 3893 concipitur.

301 3929 347 3988 362
389 3929 472 4005 Quid
487 3927 570 3989 Ordo
584 3929 646 3988 sive
668 3928 816 4008 physicus,
831 3929 893 3988 sive
912 3929 1139 4007 memphysioua
1154 3908 1216 3988 siue
1239 3928 1395 4007 logicus-

404 4026 440 4085 ln
472 4046 531 4105 quo
552 4028 731 4088 conveniant
753 4036 783 4087 et
810 4025 1135 4087 differant-Doctrina
1179 4025 1207 4085 S.
1248 4025 1395 4088 Thomae.
