3138 4956
421 449 468 509 De
494 449 590 509 Tertio
611 449 718 509 Montio
744 447 926 526 Operatione.
1167 448 1222 508 301

123 646 170 706 vel
201 667 270 706 curn
299 647 439 724 proponit
461 647 486 705 ei
510 645 614 724 aliqua
635 644 784 705 aennibilia
806 645 942 723 menapia,
965 643 1012 706 vel
1037 643 1155 714 cimilia,
1177 641 1225 702 vel

123 743 263 820 opposita,
278 742 325 801 vel
340 742 446 820 aliqua
468 741 648 821 hujusmodi,
663 761 701 800 ex
726 740 834 820 quihus
857 740 1025 801 intellectus
1047 737 1227 819 addiscentis

125 841 340 900 manuducitur
354 842 383 900 ia
407 841 605 920 cognitionem
623 841 757 901 veritatis
780 839 1021 919 ignotae-Alio
1045 840 1224 911 medaeam

122 939 263 1016 confortat
276 939 447 998 inteilrntam
462 938 637 998 addieaentie
657 958 716 998 non
731 938 852 1017 quidem
875 937 977 1016 aliqua
992 938 1104 998 virtute
1125 937 1226 997 activa

121 1034 284 1112 superioris
299 1045 426 1094 craturae
441 1035 532 1112 (sicut
545 1055 636 1114 supra
650 1035 763 1094 dictum
779 1045 823 1094 est
836 1034 874 1094 de
889 1033 1015 1112 Angelis
1029 1032 1226 1094 illumiuanti-

123 1132 196 1192 bus:
219 1133 290 1212 quia
305 1154 405 1193 omues
419 1133 543 1193 humaui
568 1133 736 1193 intellectus
749 1143 821 1193 sunt
832 1135 923 1192 anias
943 1131 1054 1211 predae
1076 1132 1106 1191 iu
1122 1131 1225 1192 ordine

123 1229 264 1306 naturae)
280 1229 329 1289 sed
346 1231 375 1288 iu
391 1240 538 1308 quantum
555 1230 694 1308 proponit
707 1229 854 1308 discipulo
868 1229 1000 1289 ordinem
1008 1230 1223 1308 principiorum

123 1324 165 1383 ad
179 1325 439 1404 cenomannum
455 1327 530 1385 forte
545 1327 732 1404 perseipsum
745 1345 803 1384 uon
820 1324 943 1386 haberet
953 1336 1067 1386 mutum
1081 1325 1223 1386 virtutem

122 1421 308 1495 collativam,
320 1434 354 1483 ut
367 1444 404 1482 ex
421 1425 575 1502 principiis
589 1434 685 1503 posset
696 1423 898 1484 conclusiones
906 1423 1059 1484 deducere.
1102 1423 1145 1484 Et
1158 1423 1224 1484 ideo

122 1520 235 1579 dieitur
252 1519 297 1596 (iu
315 1523 340 1580 1.
356 1519 435 1580 Post.
451 1531 511 1580 ten.
527 1521 570 1598 5.)
585 1520 666 1599 quod
681 1520 915 1580 “Danonetratio
926 1527 965 1580 aot
984 1520 1163 1598 ayllopinnua
1177 1519 1223 1598 fa·

121 1619 199 1675 ciera
212 1616 310 1675 seire.'’
353 1615 396 1676 Et
409 1637 462 1696 per
476 1617 556 1676 hunc
571 1617 691 1676 modum
707 1615 768 1688 ille,
782 1617 833 1696 qui
849 1617 1042 1690 demonstrat,
1056 1616 1222 1677 auditorem

121 1713 262 1773 scientem
278 1713 379 1773 fa‹.·it.”
420 1713 449 1774 S.
465 1713 521 1774 Tu.
538 1715 578 1792 (l.
595 1735 622 1792 p.
638 1735 665 1792 q.
683 1715 749 1774 117.
764 1735 790 1774 a.
808 1713 848 1790 1.)

163 1809 231 1870 353.
275 1809 382 1870 Totam
402 1810 480 1870 huuc
495 1811 662 1871 doctrinam
677 1811 826 1889 sapienter
839 1809 974 1870 declarat
986 1809 1016 1870 S.
1031 1809 1162 1870 Thomas
1177 1809 1223 1882 (iu

121 1927 171 1985 qq.
187 1906 358 1986 Disputatio
372 1905 420 1965 De
445 1905 617 1984 Magistro).
660 1905 857 1984 thuouiam
880 1926 926 1966 res
947 1916 992 1966 est
1015 1907 1141 1966 maximi
1165 1926 1224 1966 mo·

121 2003 215 2064 menti
238 2002 327 2063 etad
353 2001 429 2062 alias
453 2003 638 2081 quaestiones
661 2002 838 2063 necessarias
851 2002 1009 2064 solvendas
1023 2004 1103 2062 viam
1119 2003 1224 2082 aperit,

122 2101 222 2181 placet
249 2103 398 2182 integrum
423 2101 584 2161 articulum
612 2103 638 2161 1.
662 2101 728 2162 heic
750 2100 899 2161 exhibere.
941 2099 1087 2180 Proponit
1113 2100 1171 2160 slbi
1193 2099 1223 2160 S.

121 2197 239 2258 Ductor
254 2199 331 2258 hauc
346 2199 566 2277 quaestionem:

162 2299 179 2324 “
189 2293 290 2356 iliram
303 2303 350 2354 aet
364 2315 441 2354 urana
455 2293 537 2354 ltoma'
546 2295 639 2354 aliurn
647 2294 745 2355 docere
754 2297 845 2372 poenit
855 2301 882 2354 et
895 2293 955 2354 dr'ci
968 2296 1060 2372 ipaim
1073 2293 1223 2373 Maenalon,

120 2411 163 2448 an
177 2389 253 2449 notua
266 2389 348 2448 Deua
359 2389 392 2450 t'’

163 2487 264 2560 Quam
279 2466 480 2564 qdaestiouem
496 2487 527 2545 iu
542 2487 621 2547 hauc
634 2487 756 2546 modum
771 2486 901 2548 remlvit.

164 2581 359 2661 “Respondeo
374 2583 533 2644 dicendum
548 2583 628 2662 qnod
642 2583 673 2643 iu
689 2583 784 2644 tribus
798 2583 900 2645 eadem
913 2585 1088 2664 opinionum
1102 2587 1223 2647 diversi-

120 2691 168 2740 tas
189 2680 349 2754 iuvenitur,
370 2701 417 2741 sc:
440 2683 473 2741 in
487 2681 635 2742 eductione
648 2683 815 2761 sonituram
834 2683 865 2742 in
887 2703 964 2755 esee3
984 2685 1019 2744 in
1039 2685 1224 2763 oceanitione

119 2781 258 2837 virtutum
270 2799 280 2847 ,·
294 2788 324 2838 et
337 2781 371 2837 in
386 2780 573 2858 acquisitione
586 2780 781 2840 scientiarum.

161 2874 376 2934 Sententiarum
404 2877 436 2934 in
464 2875 517 2935 dac
537 2897 569 2936 re
595 2878 935 2955 exponam-“Quidam
963 2878 1041 2938 enim
1071 2879 1222 2951 dixerunt,

120 2971 232 3030 fortnas
253 2971 405 3032 sensibiles
428 2992 529 3032 amnas
550 2993 611 3032 asae
625 2973 661 3033 alr
677 2976 840 3048 extrinseco,
854 2976 934 3054 quod
956 2986 1000 3037 ast
1013 2997 1032 3036 a
1045 2976 1221 3048 substantia,

120 3067 168 3128 vel
192 3089 211 3128 a
234 3069 332 3129 forma
355 3079 502 3147 separatu,
525 3090 616 3148 quam
638 3070 796 3148 appellant
821 3071 955 3132 datorem
983 3073 1158 3145 formarum,
1173 3073 1221 3134 vel

119 3164 352 3243 intelligentiam
367 3175 503 3243 agentem
515 3186 523 3237 ;
537 3177 567 3226 et
577 3165 656 3244 quod
669 3167 771 3226 cilinia
785 3166 927 3228 inferiora
937 3169 1058 3247 agentia
1069 3169 1222 3230 naturalia

119 3283 180 3322 uon
191 3271 262 3321 suut
276 3262 332 3322 nisi
341 3261 419 3322 sicut
428 3265 644 3340 praeparantia
653 3265 806 3323 ·matariarn
816 3265 855 3324 ad
870 3264 984 3325 formae
997 3267 1219 3344 susceptionem.

122 3357 306 3419 -Similder
319 3359 477 3419 Aviceuna
489 3360 518 3418 in
534 3380 589 3419 suu
604 3359 677 3420 Met.
688 3361 770 3434 dicit,
782 3361 861 3440 quod
873 3361 995 3422 habitus
1005 3363 1120 3424 honesti
1132 3383 1222 3424 causa

120 3476 179 3514 nou
195 3467 238 3516 est
254 3456 333 3517 actio
348 3467 465 3528 nostra;
486 3456 536 3516 sed
551 3457 630 3517 actio
652 3457 791 3536 prohibet
804 3458 866 3537 ejus
880 3461 1073 3534 contrarium,
1087 3471 1117 3520 et
1130 3461 1223 3540 adap-

119 3562 166 3613 tat
179 3553 218 3613 ad
234 3551 330 3626 illurn,
346 3563 380 3614 ut
393 3553 512 3613 accidat
525 3554 575 3612 hic
589 3554 711 3615 habitus
724 3577 744 3613 a
756 3555 916 3616 subetantia
926 3557 1092 3636 perficiente
1105 3558 1221 3618 animas

118 3649 285 3722 hominum,
295 3670 372 3728 quac
386 3661 430 3710 eat
444 3650 644 3730 intelligentia
657 3672 756 3730 agens,
770 3652 816 3712 vel
830 3653 998 3715 substantia
1009 3655 1034 3714 ei
1050 3656 1219 3717 comimilis.

117 3746 305 3808 -Similiter
317 3747 406 3807 etiam
423 3759 548 3826 ponunt,
562 3749 641 3826 quod
656 3749 780 3809 scientia
794 3769 853 3809 non
868 3749 995 3811 efficitur
1009 3752 1039 3811 in
1056 3753 1149 3826 nobis,
1165 3753 1221 3814 uisi

23 3876 26 3884 ν
117 3845 154 3904 ab
170 3852 272 3923 aptate
285 3851 436 3923 reparato:
452 3845 531 3905 unde
542 3846 701 3906 Avicenna
716 3846 801 3924 ponit
812 3846 854 3924 (6.
865 3845 903 3906 de
917 3845 1131 3923 Naturalibus)
1140 3849 1220 3927 quod

117 3942 232 4002 formae
247 3942 452 4021 intelligibiles
466 3941 593 4002 effluunt
614 3942 644 4001 in
661 3953 788 4002 mentem
811 3953 942 4004 nostrum
959 3943 998 4004 ab
1020 3944 1220 4023 intelligentia

117 4049 233 4118 agente

156 4135 313 4209 “Quidam
337 4156 353 4196 e
376 4137 525 4197 contrario
547 4138 661 4217 opinati
676 4149 755 4212 suut,
777 4160 826 4200 sc:
848 4141 928 4220 quod
951 4143 1050 4202 omnia
1063 4141 1220 4202 anneta

115 4237 204 4290 canent
225 4231 331 4302 indita,
346 4252 401 4292 uec
422 4233 461 4292 ab
483 4234 622 4294 exteriori
645 4255 765 4294 calisam
789 4235 944 4311 haberent,
958 4237 1008 4298 sed
1031 4237 1219 4299 solummodo

114 4328 193 4407 quod
210 4349 263 4407 per
286 4331 465 4390 exteriorem
490 4332 638 4392 actionem
662 4333 901 4396 manifestantur.
944 4334 1112 4396 Posuerunt
1132 4335 1211 4396 euim
