3118 4956
434 481 479 540 nt
506 481 602 540 ressa
625 481 734 542 naa
760 481 941 560 opacam
1179 482 1237 540 ies

171 675 204 734 si
228 675 378 750 b)-Sant
399 675 501 736 ambae
518 677 792 754 porclanicum-Si
808 678 888 736 enim
910 677 1113 756 hujuscemodi
1128 697 1234 756 suppo

136 783 260 844 uantur,
286 787 357 834 tune
381 773 459 833 duae
488 774 664 852 hypotheses
690 775 763 853 fingi
793 787 922 853 possunt.
966 774 1045 834 Nam
1075 776 1130 836 hae
1159 776 1236 836 duae

85 905 89 910 -
134 871 313 946 praemissae
330 873 531 949 portenderat,
547 872 594 932 vel
610 873 785 948 al-arrtbae
810 873 1016 952 affimativae:
1039 874 1085 934 vel
1100 875 1237 950 planata

132 966 307 1044 efficantias
321 967 414 1026 altero
428 988 492 1026 cero
507 970 640 1046 myctica
654 979 814 1047 ponuntur.

177 1063 208 1120 Si
223 1063 383 1136 n)—nulla
397 1064 520 1124 omniuo
535 1063 685 1124 conclusio
701 1066 804 1124 haberi
820 1077 922 1144 potest.
968 1065 1011 1127 Ut
1023 1067 1102 1126 enirn
1118 1045 1236 1128 conclu·

127 1159 174 1217 sio
190 1159 344 1231 habeatur,
360 1160 472 1220 raedam
492 1163 631 1220 anninus
644 1162 741 1234 debet,
754 1163 859 1222 saltem
877 1183 936 1224 una
952 1164 1024 1236 viee,
1038 1167 1164 1243 supponi
1180 1167 1236 1225 dle·

129 1257 265 1314 trientina
280 1258 308 1315 in
326 1259 499 1336 praemissis.
544 1261 639 1338 Atqui
655 1261 685 1318 in
702 1261 748 1320 his
764 1261 939 1339 praemissis,
955 1283 1031 1340 quae
1041 1265 1235 1340 portirschzres

131 1367 163 1410 er
179 1352 365 1430 ‘affirmatione
375 1367 593 1433 supponuntur,
605 1357 717 1416 taedius
731 1361 870 1418 tamt-inas
884 1379 1047 1438 numquam
1064 1360 1173 1421 habere
1188 1384 1236 1441 po

134 1462 190 1509 test
204 1451 302 1510 sedem
318 1455 433 1511 termini
456 1455 642 1513 univercum:
664 1475 733 1513 nam
749 1456 903 1532 subjectam
925 1457 1134 1534 propositionis
1143 1461 1237 1534 pcrti-

131 1549 241 1606 culartc
254 1561 297 1608 est
312 1549 455 1608 terminus
473 1551 664 1628 particularis
679 1555 722 1628 (n.
740 1553 820 1626 167.)
835 1563 865 1612 et
881 1552 1084 1629 praedicatam
1108 1555 1237 1633 proposi·

133 1643 222 1701 tionis
247 1643 434 1721 affimatioac
458 1655 501 1705 est
524 1648 667 1705 terminus
687 1648 878 1725 particularia
901 1650 945 1725 (n.
973 1649 1063 1722 158).
1107 1649 1188 1728 Ergo
1211 1652 1236 1712 si

133 1742 242 1800 ambae
257 1742 469 1820 propositiones
481 1745 675 1821 particulares
684 1753 714 1803 et
725 1745 912 1823 affirmativae
921 1757 1139 1824 supponuntur,
1152 1749 1236 1808 nulla
1311 1741 1314 1747 ⁵

132 1841 285 1900 conclusio
300 1841 404 1902 haberi
421 1843 536 1919 poterit.
581 1841 649 1902 Hoc
664 1843 793 1922 idipsum
809 1845 982 1923 contingen

174 1937 205 1994 si
230 1938 445 2011 cll-climac
469 1941 695 2016 praecessorum
726 1943 856 2017 caputiari
884 1941 1071 2018 supponitur.
1115 1941 1150 2000 ln
1181 1941 1236 2001 hac

129 2033 211 2092 enim
228 2034 393 2113 hypothesi,
409 2035 559 2095 conclusio
574 2038 736 2095 necessario
750 2037 806 2096 erit
820 2039 955 2113 capellan
969 2039 1013 2113 (n.
1030 2037 1111 2114 205.)
1127 2050 1156 2097 et
1170 2039 1236 2098 ideo
1288 2055 1292 2062 ·

131 2131 227 2206 rncjcs
241 2137 395 2190 cananiam
418 2133 582 2192 riniccrsale
595 2135 639 2210 (n.
658 2134 748 2210 lta).
789 2133 861 2194 Jam
876 2155 933 2212 age
947 2135 977 2194 in
994 2137 1162 2213 praemissis
1175 2157 1236 2196 rena

134 2239 252 2286 tantum
266 2227 345 2288 eada
358 2241 402 2290 est
418 2249 471 2308 pro
486 2231 613 2290 termino
629 2231 788 2291 universali
805 2232 866 2309 (soz
884 2231 1086 2309 praestinatum
1108 2235 1236 2312 proposi·

132 2325 222 2384 tionis
244 2325 416 2404 nepotiane).
461 2327 546 2388 Haec
561 2315 660 2388 autem
676 2329 757 2388 sedes
773 2329 819 2388 vel
834 2327 1031 2408 occupabitur
1045 2351 1064 2388 a
1078 2329 1171 2388 taedio
1185 2337 1237 2388 ter-

134 2423 284 2494 mino‚.vel
300 2446 318 2483 a
342 2425 451 2503 mnjorl
474 2432 613 2484 ectr-cano:
635 2427 659 2486 si
679 2429 809 2504 primum
821 2449 831 2496 ,·
852 2447 922 2505 ergo
948 2427 1043 2505 majus
1068 2437 1234 2485 extremum

134 2524 227 2598 mucis
246 2521 358 2600 putabit
372 2522 402 2580 in
419 2521 617 2594 conclusione,
631 2543 720 2602 quarn
748 2524 777 2582 in
803 2524 990 2602 praemissis:
1011 2523 1036 2582 si
1060 2523 1216 2582 recaredum
1226 2545 1235 2594 ,·

134 2639 206 2696 ergo
221 2618 335 2678 medius
349 2619 494 2678 terminus
509 2639 670 2698 numquam
684 2620 863 2679 distributive
872 2631 1039 2679 sumeretur
1053 2620 1083 2678 in
1099 2613 1238 2699 praemis

131 2717 179 2774 sis.
225 2715 259 2774 [n
275 2726 401 2794 utroque
424 2717 516 2796 igitur
530 2737 600 2776 casu
616 2718 698 2776 cclcc
712 2719 853 2777 maclasio
868 2717 968 2794 colligi
993 2717 1108 2795 poterit
1153 2717 1235 2796 Ergo

133 2813 309 2890 praemissae
323 2835 359 2873 rte
370 2815 431 2873 sint
444 2813 545 2874 ambae
553 2815 795 2892 particulares.-

175 2909 394 2970 Secundo.—Si
408 2911 656 2988 ‹el-praemissao
677 2921 747 2971 sunt
768 2912 868 2971 ambae
883 2912 1079 2990 affimaticoe,
1094 2914 1234 2973 conducio

132 3009 190 3068 erit
214 3008 304 3067 etiam
330 3007 520 3086 affirmativa·
549 3009 638 3087 idque
659 3029 697 3068 ex
724 3007 870 3088 principio
895 3007 1061 3068 Idccuatn
1084 3008 1237 3088 colligitur

132 3107 199 3181 (nn.
216 3105 281 3166 205.
305 3105 470 3182 206.).-Si
493 3106 710 3176 d)—cltcatra
732 3117 776 3165 est
798 3106 941 3184 myctica,
956 3104 1096 3164 conclusio
1120 3125 1238 3182 quoquo

132 3201 189 3262 erit
204 3205 338 3278 secutiva
347 3223 357 3271 ;
379 3201 468 3280 idque
484 3203 512 3261 vi
535 3203 674 3282 principii
697 3202 919 3280 increpantia
932 3202 1081 3262 evincitur
1096 3201 1129 3278 (l.
1145 3203 1235 3278 e).-

132 3297 164 3355 si
180 3299 300 3357 demum
315 3297 542 3372 d')—altcradra
556 3309 599 3359 est
608 3300 807 3377 portr'calarh,
822 3299 964 3359 conclusio
977 3319 1095 3378 quoque
1105 3301 1234 3378 porticu-

131 3397 205 3454 nra
218 3396 257 3456 sit
270 3407 394 3475 oportet.
439 3395 557 3455 Etenim
582 3398 611 3454 in
627 3396 778 3456 contraria
801 3397 967 3475 hypothesi,
982 3395 1029 3456 vel
1052 3396 1166 3455 medius
1181 3409 1235 3456 ter·

134 3493 233 3552 minus
258 3513 421 3572 numquam
451 3494 656 3552 cnivaanliler.
677 3507 894 3573 supponeretur
922 3493 951 3552 in
982 3495 1157 3572 praemissis,
1187 3495 1233 3554 vel

131 3599 301 3669 utrumque,
323 3600 376 3650 aut
396 3589 575 3650 alterutrum
597 3591 713 3661 saltem,
734 3599 935 3651 extremorum
958 3591 1052 3668 mepta
1072 3597 1184 3667 poteret
1205 3591 1233 3649 in

131 3685 330 3759 conclusione,
344 3707 433 3765 quarn
450 3686 480 3745 in
497 3685 805 3764 praemissis-Quod
819 3685 862 3746 sic
876 3695 966 3765 patet

173 3783 382 3862 Supponamns
397 3803 559 3862 parumper
569 3783 759 3851 anivmaolan
773 3803 833 3843 asse
844 3781 1061 3844 conclusionem
1074 3785 1233 3844 deductam

40 3911 44 3922 ·
130 3899 170 3938 ex
185 3881 361 3958 praemissis,
376 3900 503 3959 quarum
519 3899 580 3940 una
594 3890 638 3940 est
647 3881 857 3957 particularia:
877 3880 1032 3960 wacon
1046 3875 1234 3942 conclusiones

130 3977 187 4037 erit
211 3987 423 4056 consequenter
450 3977 619 4037 universale.
661 3977 730 4056 Age
753 3978 827 4056 jam,
843 3977 890 4038 vel
919 3987 1045 4057 utraque
1073 3966 1234 4057 praemima

127 4075 311 4153 supponitur
321 4073 583 4148 a')-affirmativa;
598 4074 645 4134 vel
657 4075 785 4150 β’)-υηα
796 4075 977 4154 affimativa,
986 4077 1234 4159 neyatioapltera

177 4170 207 4231 Si
224 4170 372 4248 a)'-ana
385 4181 502 4231 tantum
517 4169 596 4232 sadec
608 4171 666 4232 erit
680 4171 709 4230 in
731 4173 899 4250 praemioeis
914 4192 968 4251 pro
982 4173 1108 4233 termino
1122 4177 1236 4234 unica-

130 4269 188 4327 acli
211 4271 272 4346 (sc:
302 4267 421 4346 ccjca·
444 4269 622 4364 praemissae
642 4269 846 4345 universalem:
870 4269 1039 4348 hujusmodi
1063 4289 1131 4330 vero
1152 4271 1234 4332 sedoe
