3118 4956
826 387 942 466 mast.

329 573 446 636 Pariter
460 597 497 638 ex
512 597 547 639 eo
560 579 640 658 quod
657 579 730 641 utile
744 581 863 664 dicatur
877 581 917 654 id,
932 583 1008 662 ped
1022 583 1063 642 ad
1076 583 1182 643 bouum
1202 583 1428 661 compcraadrm

330 671 463 744 refertur,
478 674 639 736 utilitatem
655 676 861 756 philosophiae
875 679 1053 739 demonstro.
1095 679 1189 740 Porro
1203 679 1278 740 haec
1292 679 1369 740 ratio
1379 700 1428 739 seu

330 771 443 830 medius
467 773 620 846 terminus,
642 794 702 852 quo
726 774 951 836 Demonstratio
977 777 1080 850 utitur,
1095 776 1138 836 nil
1160 787 1204 838 est
1227 777 1311 838 aliud
1340 797 1430 856 quam

329 869 536 928 “amassaricm
559 869 714 930 inventurn
737 871 776 930 ad
799 871 966 932 faciendam
990 872 1098 932 fidem”
1113 873 1133 933 i.
1148 893 1171 932 e.
1195 874 1336 946 medium,
1351 875 1428 952 quod

328 983 394 1021 cum
419 963 592 1042 praedicato
605 977 636 1026 st
648 965 781 1046 subjecto
805 968 986 1045 quaestionis
1007 973 1198 1030 samariam
1219 969 1311 1030 habet
1325 991 1429 1030 corrue
1528 955 1529 1032 ³

206 1079 212 1096 ⁶
327 1060 457 1133 xicnem,
472 1074 562 1140 atque
575 1064 646 1142 ejus,
661 1063 740 1142 quod
767 1065 955 1143 probandum
973 1065 1019 1126 vel
1035 1066 1272 1128 confirmandum
1294 1071 1431 1147 proponi-
1528 1067 1529 1138 i

327 1166 377 1216 tur
403 1158 592 1236 (assumitur)
616 1159 771 1238 perfectura
796 1161 886 1221 efficit
908 1163 1126 1240 persuasionem
1152 1165 1195 1240 (n.
1221 1163 1313 1241 att).
1356 1165 1427 1224 Loci
1528 1183 1529 1222 3

327 1263 437 1328 autem,
451 1275 534 1335 quos,
548 1258 599 1336 qui
621 1258 903 1318 demonstrationem
927 1259 1111 1338 aggreditur,
1126 1271 1312 1338 perscrutare
1332 1260 1430 1328 deber,
1528 1257 1529 1276 ³

328 1363 362 1412 ut
376 1361 547 1431 arpuniento
570 1352 712 1428 iuveniat,
726 1366 785 1416 tres
806 1365 876 1416 sunt
898 1356 1093 1434 potissimum.
1136 1355 1257 1415 Primus
1281 1356 1362 1416 locus
1385 1367 1429 1414 est
1528 1355 1529 1432 Ῑ

328 1449 496 1527 effectorum,
510 1461 540 1510 et
563 1460 607 1510 est
631 1451 767 1530 proprius
792 1463 1047 1530 argumentorum,
1068 1451 1178 1530 quibus
1206 1449 1429 1512 Demonstratic
1528 1493 1529 1548 ἦ

329 1547 406 1628 quia,
421 1567 471 1607 seu
486 1549 562 1626 qrmd
581 1551 618 1608 sit
638 1549 795 1623 conficitur
809 1556 852 1628 (n.
868 1550 1157 1628 {ioht-Secundus
1178 1551 1260 1612 locus
1273 1562 1317 1612 est
1331 1573 1428 1612 causa-
1528 1551 1529 1612 j

327 1665 402 1717 min,
416 1665 508 1723 eoque
523 1646 619 1706 utitur.
640 1645 864 1706 Demonstratio
882 1654 1003 1725 propter
1027 1647 1150 1727 quidet
1173 1649 1429 1727 quia,seeundum
1528 1631 1529 1668 ³

330 1741 409 1819 quod
424 1741 481 1801 hae
495 1761 601 1802 causae
625 1754 696 1802 runt
711 1745 872 1820 prasimae,
887 1743 934 1802 vel
959 1743 1251 1804 remotae-'Femina
1273 1744 1356 1804 locus
1368 1765 1429 1823 quo
1528 1775 1529 1778 ¹

331 1840 437 1918 passim
455 1849 581 1900 utuntur
595 1839 796 1919 Metaphysici
811 1853 841 1900 et
863 1839 1082 1914 Mathematici,
1096 1851 1140 1902 est
1154 1843 1229 1902 hacta
1244 1842 1429 1922 definitionis

328 1958 364 1996 ex
380 1957 472 2016 eoque
486 1957 540 2015 pro
554 1947 680 2016 utroque
695 1936 965 1998 Demonstrationis
979 1958 1086 2016 genere
1100 1951 1279 2017 argumenta
1293 1939 1425 2018 depromi

329 2047 468 2112 possunt:
491 2033 566 2094 Cum
581 2034 659 2094 enirn
675 2035 824 2113 passiones
837 2034 937 2094 eidem.
947 2035 1080 2115 subjecto
1093 2038 1312 2110 convenientes,
1326 2038 1429 2099 ordine

329 2131 452 2210 prodam
466 2131 505 2190 ab
520 2131 611 2210 ipsius
625 2131 777 2210 profluant
790 2132 924 2204 essentia,
940 2133 990 2204 (ut
1005 2153 1031 2194 v.
1046 2153 1075 2210 g.
1089 2153 1108 2192 a
1117 2134 1267 2212 primipic
1287 2135 1427 2194 rationali

328 2227 467 2305 primitus
481 2226 648 2288 intellectus
663 2237 765 2306 postea
779 2227 927 2299 voluntas,
942 2240 972 2290 et
985 2251 1005 2288 a
1022 2230 1173 2309 princtpic
1186 2233 1317 2291 maitiae
1333 2233 1429 2310 primo

328 2326 455 2386 facultas
482 2324 708 2404 apprehensiva,
737 2336 838 2404 postea
865 2325 993 2386 facultas
1021 2327 1202 2405 appetitiva)
1231 2325 1368 2398 efficitur,
1396 2341 1428 2386 ut

328 2423 476 2501 principia
496 2423 639 2482 essentiae
659 2421 795 2501 subjecti,
809 2443 886 2501 quae
900 2423 1068 2503 defiuitione
1087 2423 1212 2504 subjecti
1226 2424 1425 2486 continentur.

327 2521 386 2580 siut
410 2541 501 2580 causa
528 2521 669 2600 proxima
696 2521 811 2600 primae
838 2521 991 2600 passionis,
1016 2521 1089 2584 hacc
1112 2523 1269 2596 secundae,
1293 2523 1423 2584 secunda

328 2618 432 2678 tertiae
446 2627 501 2678 ete.
533 2616 754 2697 Consequenter
774 2617 837 2680 fieri
852 2630 957 2698 potest,
972 2629 1006 2680 ut
1020 2641 1073 2698 per
1086 2619 1288 2682 definitionem
1303 2621 1425 2702 subjecti
1447 2624 1451 2630 ’

327 2715 547 2775 demonstretur
568 2717 667 2794 prima
681 2716 779 2795 passio
800 2715 1053 2777 demonstratione
1072 2725 1191 2796 propter
1204 2719 1285 2798 quid,
1299 2719 1426 2781 secunda

327 2835 397 2874 vero
419 2814 670 2874 demonstratione
694 2815 764 2893 prtia
777 2825 807 2874 et
820 2814 862 2874 sic
876 2813 914 2872 de
935 2812 1010 2874 aliis.
1053 2813 1101 2874 Dc
1115 2814 1161 2907 his
1174 2815 1247 2876 locis
1267 2837 1426 2896 eorumque

329 2926 384 2970 usu·
396 2931 487 2990 supra
500 2911 572 2970 satis
591 2930 738 2989 superque
752 2909 885 2969 diximus
901 2911 964 2986 (nn.
981 2911 1047 2971 281.
1064 2911 1131 2972 284.
1147 2959 1153 2971 .
1170 2959 1176 2970 .
1192 2959 1198 2972 .
1215 2913 1300 2989 289.)
1313 2925 1344 2973 et
1359 2934 1424 2972 mox
1528 2899 1529 2918 ³

328 3009 433 3068 iterum
458 3021 587 3068 recurret
600 3029 705 3068 sermo.

368 3104 591 3164 Durnoustratio
613 3103 755 3164 tudima
780 3103 916 3176 habetur,
930 3103 1052 3182 quaudo
1065 3104 1194 3184 alicujus
1217 3106 1422 3184 propositionis

328 3204 437 3263 veriats
459 3202 624 3262 ostenditur
638 3223 675 3262 cx
700 3201 935 3274 chuaditctihus,
949 3223 1026 3280 quae
1042 3203 1206 3262 necessario
1228 3203 1319 3282 ipsius
1342 3223 1427 3281 nega-

328 3303 437 3362 tionem
453 3311 710 3378 cunsequerentur.
752 3298 801 3359 Sic
817 3321 844 3359 v.
859 3321 886 3378 g.
902 3299 1023 3359 ostendo
1037 3300 1171 3358 animam
1186 3299 1352 3361 humanam
1367 3301 1426 3360 fato
1442 3355 1448 3378 ,

329 3401 459 3480 corporis
479 3399 665 3478 superstitem
681 3398 761 3469 fore3
783 3417 852 3456 uam
867 3417 950 3458 secus
964 3417 1018 3458 nec
1033 3397 1128 3457 virtus
1149 3397 1332 3476 condignum
1348 3418 1426 3476 prae·

333 3499 425 3558 mium
441 3505 515 3556 esset
529 3495 680 3566 habitura,
695 3515 749 3553 nec
763 3494 881 3566 vitium,
895 3513 956 3572 qua
970 3514 1026 3571 par
1038 3502 1121 3566 esset,
1135 3494 1302 3572 puniretur.

369 3595 506 3673 Utraque
531 3593 754 3653 Demonstratio
776 3591 897 3652 Dirccto
918 3612 964 3652 sc:
986 3601 1016 3652 et
1040 3590 1189 3650 Indirectu
1211 3589 1251 3648 ad
1274 3590 1427 3650 veritatem

329 3691 537 3771 propositionis
564 3690 777 3750 ostendendam
805 3689 936 3749 confert:
967 3709 1070 3750 verum
1099 3686 1153 3747 illa
1179 3687 1270 3748 simul
1298 3687 1424 3748 ostendit

327 3791 467 3850 rcticmm
481 3809 533 3848 cur
554 3787 663 3848 veritas
687 3785 742 3846 illa
755 3787 794 3846 sit
817 3785 1014 3859 admittenda,
1036 3785 1109 3844 haec
1133 3797 1233 3845 autem
1260 3805 1319 3846 uon
1341 3784 1426 3845 item:

329 3888 425 3967 primu
438 3886 539 3946 suadet
559 3885 716 3958 affirmare,
730 3884 861 3944 secunda
875 3884 1008 3944 abderrat
1022 3905 1040 3943 a
1055 3883 1208 3962 negando:
1230 3883 1328 3962 prima
1343 3883 1426 3945 docet.

327 3985 458 4046 secunda
473 3985 595 4062 cepit-
1018 3997 1019 4001 ’

369 4081 436 4143 307.
479 4079 525 4142 Ut
538 4080 669 4140 secunda
689 4079 858 4139 assertionis
872 4099 941 4157 pars
955 4077 1066 4138 clarius
1086 4079 1260 4149 innotescat,
1274 4077 1428 4149 observem

329 4179 402 4239 dum
416 4189 469 4250 est,
484 4177 598 4256 aliquid
622 4197 704 4255 posse
724 4197 785 4237 eme
807 4177 896 4237 altero
914 4177 1000 4254 prius
1019 4175 1188 4254 dupliciter,
1201 4196 1252 4236 sc:
1274 4176 1308 4235 ia
1328 4175 1425 4234 ordiris

327 4275 416 4354 lupico
437 4293 487 4334 seu
510 4273 706 4352 cognitionis3
726 4275 761 4332 io
785 4273 888 4333 ordine
911 4273 1066 4351 orttohrpt'eo
1087 4273 1151 4332 sive
1171 4273 1345 4343 amasiae,
1366 4271 1425 4331 sire
