3138 4956
454 445 501 506 De
527 447 623 507 Tertia
647 444 754 504 Mentis
780 442 961 522 Operatione.
1199 443 1256 506 297

196 637 496 717 Secunda-Itoniae
524 647 656 717 praestat
679 637 784 698 ceteris
805 635 943 709 scientiis,
956 638 1070 696 ratione
1092 636 1258 698 directionis

156 743 273 794 canam
286 735 639 815 rationis—Speculatur
658 736 739 795 enim
753 735 887 794 ordinem
910 735 1081 813 ponendum
1095 736 1126 794 in
1141 735 1258 796 actibus

156 831 290 904 rationis,
306 844 339 892 ut
354 839 421 905 tato,
430 832 521 910 sante
534 843 564 893 et
576 835 639 893 sine
653 853 749 892 errore
760 832 916 892 veritatem
932 843 1122 910 assequatur:
1137 853 1209 912 ergo
1219 855 1256 894 ex

155 929 213 988 hac
228 940 313 1007 parte
327 929 421 1008 legem
439 929 545 990 indicit
558 930 685 1008 siugulis
708 929 847 1000 scientiis,
862 939 1009 1008 qnatenus
1031 929 1258 992 ratiocinatione

154 1035 186 1084 et
199 1024 316 1084 actibtrs
332 1026 439 1085 mentis
460 1027 514 1085 rite
528 1026 675 1086 ordinatis
689 1027 734 1086 uti
756 1025 874 1086 debent
916 1025 962 1086 Cf.
977 1025 1095 1087 Saurea.
1113 1027 1146 1106 (l.
1163 1049 1187 1089 c.
1201 1049 1257 1088 sce.

157 1122 185 1178 ὃ.
202 1140 252 1180 un.
268 1121 315 1180 36.
331 1122 392 1198 37.)

197 1217 469 1278 Tertia—demum
481 1219 678 1298 Metnplrysioe
692 1229 804 1278 ceteras
818 1212 970 1279 antecellit
983 1220 1130 1293 scientias,
1144 1225 1258 1283 ratione

161 1318 315 1378 notionum
346 1318 621 1398 principiorumque
645 1319 805 1376 trebnitatis
827 1337 864 1378 ac
887 1317 1151 1396 independentiae:
1185 1319 1259 1380 haee

154 1413 235 1472 euim
251 1413 354 1492 aliqua
374 1435 489 1493 semper
511 1416 627 1474 ratione
650 1415 679 1473 in
705 1415 838 1474 notiones
862 1434 898 1472 ac
921 1414 1068 1494 principia
1092 1423 1257 1475 ceterarum

152 1509 346 1570 scientiarum
361 1509 501 1572 influunt.
524 1511 623 1583 Unde,
634 1512 690 1572 sub
705 1511 761 1570 hoe
773 1520 916 1590 respectu,
935 1509 1144 1590 Metaphysiea
1155 1533 1256 1573 omnes

153 1606 294 1666 scientias
314 1607 419 1685 dirigit
440 1610 572 1687 irnperio,
589 1629 646 1668 non
671 1610 812 1687 practico,
826 1609 877 1668 sed
899 1609 1077 1687 epemlntivo.
1121 1611 1171 1670 Ad
1195 1632 1257 1672 rem

153 1703 320 1778 Suaresins,
336 1717 492 1786 postquam
515 1708 575 1769 duo
591 1709 621 1767 in
642 1707 766 1767 scientia
787 1706 979 1778 distinxisset,
993 1727 1040 1766 se:
1065 1709 1258 1770 l.—aeritatie

153 1807 418 1884 contemplationem
432 1817 462 1870 et
476 1808 667 1868 infallibilem
684 1809 756 1880 vim,
770 1827 820 1867 seu
837 1806 1054 1879 rectitudinem,
1068 1807 1153 1866 illem
1169 1807 1257 1868 sattiu-

156 1902 264 1980 gendi:
281 1903 456 1965 2.-—bonnnt
466 1927 550 1965 sesnin
565 1905 633 1966 talis
643 1905 784 1964 scientiae
795 1915 825 1964 ct
839 1913 960 1964 actuum
973 1903 1052 1983 ejus;
1068 1904 1258 1986 primumque

156 1997 230 2077 (non
248 2000 319 2060 item
333 2003 512 2078 seeundum)
524 2001 649 2062 cuilibet
659 2001 800 2062 scientiae
810 2012 840 2061 et
850 2003 931 2062 omni
943 2001 1048 2060 virtuti
1060 2001 1256 2064 intellectuali

150 2117 257 2175 perse,
269 2101 366 2176 primo
376 2109 407 2160 et
421 2101 608 2160 essentialiter
619 2109 784 2178 competere
798 2097 953 2166 docuisset,
965 2097 1007 2156 ita
1022 2095 1256 2177 Metaphysicae‚

156 2213 228 2272 prae
256 2193 377 2266 Morali
405 2195 614 2256 excellentiam
643 2194 780 2255 ostendit.
822 2193 982 2272 “Dirigere
1003 2193 1141 2254 scientias
1165 2195 1256 2273 priori

154 2290 254 2362 modo,
269 2291 310 2351 nd
323 2292 450 2352 veritatis
462 2313 508 2352 sc:
523 2292 796 2368 contemptationem,
805 2310 858 2368 per
870 2309 901 2349 se
915 2289 1012 2369 primo
1026 2309 1062 2350 ac
1071 2291 1202 2352 maxime
1216 2294 1255 2354 ad

156 2387 393 2467 Metaphysieam
409 2389 546 2467 pertinet,
561 2409 580 2448 a
591 2409 651 2466 qua
665 2387 885 2466 quodammodo
896 2387 1049 2465 accipiunt
1059 2388 1212 2466 principia
1224 2401 1255 2452 et

155 2487 343 2544 terminorum
354 2485 553 2564 cognitionem
568 2495 597 2544 et
611 2484 736 2564 objecta,
744 2503 796 2542 seu
810 2481 985 2563 qtefflditntee
994 2502 1116 2542 suorum
1130 2485 1256 2564 objecta

158 2597 232 2638 rum.
276 2579 317 2640 Et
332 2581 447 2640 ratione
461 2581 550 2660 hujus
572 2580 821 2660 independentiae
835 2599 870 2639 ac
893 2580 1065 2640 directionis
1087 2580 1146 2641 dici
1161 2594 1257 2661 potest

158 2673 366 2755 Metaphysica
395 2678 541 2756 imperare
563 2677 667 2737 ceteris
690 2679 809 2754 imperio
839 2677 936 2754 potius
957 2677 1137 2754 speculativo,
1165 2699 1255 2757 quam

155 2774 305 2849 practico;
328 2774 443 2834 ratione
456 2775 540 2852 cujus
555 2775 619 2851 ipsa
632 2773 802 2851 sinpliciter
815 2772 926 2832 eminet
940 2771 969 2831 in
985 2773 1101 2833 ratione
1113 2777 1256 2846 scientiae,

153 2889 203 2929 seu
228 2871 398 2948 Sapientiae
426 2871 494 2948 (int
520 2871 690 2944 naturalis).
741 2869 872 2929 Demnm
897 2869 1023 2941 ndd0,si
1048 2869 1256 2950 Metuphysica

156 2968 366 3040 consideretur,
382 2979 529 3048 quatenus
544 2969 574 3027 iu
591 2967 796 3046 perfectissimo
811 2973 877 3026 netn
890 2967 952 3045 nece
966 2968 1113 3028 naturalis
1128 2970 1256 3030 hernicis

154 3063 281 3124 felicitas
303 3065 445 3136 consistit,
459 3066 501 3124 sic
523 3065 563 3124 ad
587 3065 681 3136 illam,
697 3076 730 3125 ut
752 3065 792 3124 cd
807 3064 908 3144 finem,
924 3065 1055 3124 ordinari
1081 3085 1141 3126 non
1168 3070 1255 3128 mildo

154 3160 230 3221 alias
243 3161 389 3232 scientias,
401 3162 451 3222 sed
464 3163 542 3240 ipses
552 3162 674 3222 onerates
684 3163 800 3220 virtutes
811 3181 847 3221 ae
856 3163 950 3238 ipsam
959 3161 1169 3238 prnderninm:
1184 3185 1254 3224 riam

154 3258 343 3318 haecomnia
359 3259 397 3318 ad
413 3259 587 3318 felicitatem
605 3259 732 3318 hominis
747 3258 925 3318 ordinantur
939 3266 968 3317 ct
981 3258 1113 3319 actiones
1126 3259 1255 3322 hominis

155 3353 193 3412 ad
224 3354 304 3414 hunc
332 3355 420 3414 lincm
448 3356 560 3433 optime
586 3357 763 3428 referuntur,
779 3367 812 3414 nt
836 3377 882 3415 sc:
916 3355 1064 3416 hominem
1094 3357 1255 3437 disponant

154 3461 318 3530 aptumque
332 3445 461 3512 reddant
475 3452 514 3512 ad
529 3453 666 3526 divinam
688 3452 980 3530 contemplationem,
995 3475 1072 3532 quae
1089 3455 1254 3533 formaliter

153 3557 183 3607 et
196 3547 316 3608 etioitioe
329 3547 369 3608 ad
392 3549 471 3609 hanc
484 3551 632 3609 seientiam
657 3549 793 3628 pertinet,
808 3549 878 3610 licet
900 3549 1010 3610 habere
1031 3550 1120 3612 debet
1134 3554 1253 3633 conjun-

155 3655 237 3705 ctum
253 3665 395 3718 amorem,
409 3646 461 3724 qui
475 3666 512 3705 ex
528 3646 584 3706 tali
598 3645 848 3724 contemplatione
862 3645 937 3706 solet
950 3647 1059 3707 nasci.'’

193 3741 317 3818 “Atque
328 3740 385 3800 hnc
399 3741 489 3802 etiam
507 3742 620 3802 ratione
635 3741 788 3802 concludit
803 3741 977 3802 Aristoteles
997 3741 1160 3805 Scientiam
1175 3746 1254 3807 hane

152 3837 256 3899 ceteris
270 3838 425 3917 imperare,
440 3837 512 3916 quia
534 3838 754 3916 contemplatur
774 3859 916 3898 summum
938 3838 1055 3898 Bonum
1069 3849 1099 3902 et
1113 3840 1253 3902 ultimum¹

151 3932 240 3994 linem
262 3935 447 4013 simpliciter.
489 3933 574 3995 Sicut
587 3935 665 3995 enim
682 3935 713 3994 in
727 3934 852 4006 artibus,
866 3955 944 4010 quae
957 3935 995 3995 ad
1011 3936 1141 4016 aliquem
1164 3937 1253 4000 linem

149 4031 395 4105 subordinantur,
407 4031 461 4092 illa
475 4031 704 4092 Arcltitectonioo
717 4044 769 4104 est,
780 4031 906 4114 aliisque
920 4032 1056 4111 imperat,
1067 4055 1144 4113 quae
1156 4056 1254 4114 snpra

151 4149 229 4190 man
236 4129 329 4209 finem
343 4129 374 4189 in
387 4128 442 4189 illo
456 4131 559 4190 ordine
573 4129 758 4202 consideran
779 4131 823 4190 ita
837 4129 1056 4210 Metaphysica,
1070 4151 1148 4210 quae
1161 4133 1253 4194 eonsi-

149 4225 237 4288 derat
261 4227 387 4287 absolrete
412 4227 501 4287 finem
531 4227 671 4288 ultimum
699 4227 892 4288 scientiarum
920 4229 1091 4307 artiumque
1118 4230 1252 4292 onmium

150 4323 300 4403 totiusque
311 4325 391 4388 vitae
403 4323 561 4396 humanae,
573 4323 686 4383 dieitur
694 4323 841 4403 imperare
851 4323 990 4384 omuibus
997 4343 1116 4404 esseque
1124 4327 1254 4388 omniun

690 4419 728 4481 38
