3172 4950
313 435 350 494 ro
803 429 924 511 mata.
981 425 986 434 '

351 628 535 709 Hujusmodi
550 649 637 709 porro
651 627 813 690 abstractio
827 627 940 708 duplici
955 626 1141 707 potissimum
1157 625 1271 686 ratione
1286 623 1330 686 fit.

351 725 462 787 Primo.
505 726 637 802 Quando
665 724 793 786 facultas
820 723 1032 803 cognoscitiva,
1059 743 1128 784 oum
1157 722 1213 802 ipsi
1248 721 1413 782 exhibetur

311 825 459 904 objectum
471 823 592 903 aliquod
605 822 759 884 materiale
772 823 815 900 (n.
827 821 872 894 6),
882 820 1006 900 attingit
1016 820 1092 880 illud
1104 819 1160 880 sub
1172 839 1208 878 ea
1217 817 1413 897 proprietate,

312 921 358 983 vel
373 932 454 994 nota,
469 920 517 982 vel
531 922 637 994 forma,
650 941 729 1000 quae
741 920 889 999 objectum
897 919 1023 997 sonncle
1036 917 1119 978 illius
1132 914 1286 978 facultatis
1300 915 1409 977 consti-

310 1019 378 1092 tuit,
393 1015 504 1078 relictis
518 1018 640 1080 caemris
654 1018 741 1091 notis,
755 1037 832 1097 quae
846 1017 922 1077 forte
936 1016 968 1075 in
981 1016 1098 1095 objecto
1111 1016 1271 1094 conjuncta
1285 1014 1411 1075 realiter

311 1116 512 1178 inveniuntur.
556 1113 618 1176 Hic
632 1113 825 1176 abstrahendi
836 1114 942 1176 modus
951 1114 1109 1174 commanis
1122 1123 1166 1174 est
1179 1111 1303 1172 cuilibet
1317 1111 1411 1174 facul·

311 1213 366 1274 tati
380 1213 600 1291 contestatione:
621 1212 663 1274 sic
677 1233 705 1274 v.
719 1232 748 1291 g.
790 1209 882 1272 Visus
906 1209 1034 1272 colorent
1059 1231 1109 1270 seu
1136 1211 1234 1288 potius
1258 1209 1408 1290 objectum

311 1307 486 1384 coloratum,
511 1321 585 1388 puta
608 1329 740 1389 pomum,
764 1307 856 1382 videt,
881 1318 913 1369 at
937 1328 997 1368 non
1016 1327 1162 1388 saporem,
1186 1306 1238 1386 qui
1264 1307 1294 1368 in
1320 1327 1410 1388 pomo

310 1407 485 1487 ‹mnjunctus
498 1419 543 1468 est
557 1427 625 1466 cum
640 1405 755 1468 colore:
776 1404 848 1466 item
869 1403 1045 1484 imaginatio
1066 1423 1188 1484 pomum
1204 1415 1411 1483 repraesentat

310 1525 378 1566 cum
399 1505 460 1566 suis
480 1502 668 1566 sensibilibus
688 1501 895 1582 qualitatibus,
908 1501 959 1564 sed
981 1501 1130 1562 abstrahit
1143 1501 1184 1562 ab
1197 1501 1310 1563 actuali
1324 1522 1411 1581 prae-

310 1601 413 1664 sentia.
1331 1594 1334 1601 ’

349 1699 494 1760 Secundo.
537 1698 669 1776 Quando
691 1697 819 1760 facultas
840 1697 1043 1776 cognoscitiva
1064 1696 1188 1777 attingit
1211 1697 1410 1777 proprietates

312 1795 359 1858 vel
374 1796 501 1856 formam
526 1796 568 1856 rei
591 1816 641 1856 seu
666 1793 802 1874 subjecti,
825 1813 885 1854 non
910 1802 1025 1854 attento
1048 1792 1189 1873 subjecto,
1214 1793 1245 1853 in
1269 1813 1329 1872 quo
1352 1793 1411 1854 hae

312 1891 509 1971 proprietates
521 1891 568 1954 vel
582 1891 696 1952 formae
709 1891 813 1950 meunt
826 1888 874 1951 rel
889 1888 1092 1950 inveniuntur.
1134 1887 1197 1949 Hic
1205 1888 1406 1950 abstrahendi

311 1986 415 2048 modus
424 1988 562 2066 proprius
571 1997 615 2048 est
625 1985 779 2048 aculam
787 1985 974 2050 intellectione
983 2005 1060 2063 quae
1071 1995 1211 2046 naturam
1222 1985 1372 2048 abstrahit
1387 2006 1407 2046 a

311 2085 530 2146 conditionibus
545 2083 814 2158 individuantibus,
828 2081 937 2163 quibus
948 2103 967 2144 a
977 2093 1063 2163 parte
1074 2084 1126 2156 rei,
1137 2083 1167 2143 in
1179 2083 1284 2162 ordine
1296 2083 1411 2145 scilicet

311 2183 442 2263 physico,
463 2181 687 2246 concretizatur.
729 2181 817 2242 Haec
843 2181 1006 2242 abstractio
1033 2180 1144 2242 dicitnr
1166 2181 1332 2259 prumiaco
1357 2169 1419 2242 vel

310 2279 485 2359 simpliciter
496 2280 646 2359 prooemio.

442 2376 512 2438 Duo
526 2375 659 2437 notanda
674 2375 807 2437 veniunt.

353 2475 399 2535 20.
442 2473 577 2536 Primum
606 2472 964 2547 est—Denominationes
991 2474 1107 2552 fornace
1133 2483 1163 2535 cl
1189 2473 1309 2554 ntljecti
1339 2485 1412 2536 sunt

314 2571 540 2652 metaphoricae
582 2570 757 2633 Intellectus
783 2572 862 2633 enim
884 2571 1034 2632 humanus
1054 2571 1160 2651 nequit
1179 2591 1225 2633 res
1245 2572 1409 2653 concipere,

311 2669 368 2730 nisi
382 2689 436 2750 per
456 2669 652 2750 proprietates
666 2669 713 2730 vel
728 2679 823 2743 notas,
837 2689 891 2749 per
911 2689 985 2748 quas
1000 2668 1047 2730 vel
1061 2669 1118 2730 sub
1139 2668 1249 2749 quibus
1265 2691 1311 2732 res
1325 2669 1410 2731 nohis

313 2767 550 2828 manifestantur.
591 2765 675 2826 Hinc
695 2765 738 2838 fit,
753 2773 787 2826 ut
808 2785 853 2826 res
873 2763 946 2826 illae
966 2763 1146 2826 considerari
1167 2776 1291 2845 possunt
1314 2766 1408 2829 veluti

313 2864 438 2924 latentes
461 2884 511 2925 sen
536 2873 648 2924 stantes
661 2861 708 2924 vel
733 2864 866 2943 jacentes
890 2861 946 2924 sub
970 2861 1031 2924 illis
1055 2863 1289 2943 proprietatibus
1302 2885 1411 2944 easque

311 2971 524 3022 sustentantes:
546 2959 617 3020 hinc
641 2959 844 3022 denominatio
865 2959 1016 3038 adjectis
1029 2959 1081 3020 etth
1106 2959 1154 3020 his
1177 2961 1411 3040 proprietatibus

305 3059 412 3137 jacere.
453 3055 524 3118 liae
551 3066 652 3118 autam
680 3056 876 3136 proprietates
902 3056 1018 3134 sermm
1044 3056 1195 3130 dicuntur,
1222 3057 1411 3138 sumiturque

313 3154 488 3232 metaphora
502 3173 521 3214 a
535 3153 662 3214 rnateria
681 3151 785 3232 aliqua
795 3151 935 3224 informi,
949 3163 1025 3232 puta
1045 3173 1113 3214 cera
1134 3151 1319 3232 liquescenti,
1334 3175 1411 3234 quae

313 3249 369 3311 sub
383 3260 455 3330 typo
469 3250 571 3330 aliquo
584 3250 745 3312 constricta
758 3251 885 3312 formam
900 3251 992 3330 ipsius
1006 3251 1103 3312 refert.
1146 3251 1408 3328 Quemadmodum

313 3351 391 3412 enim
407 3370 475 3411 cera
488 3350 562 3411 haec
572 3349 712 3428 primitus
722 3347 887 3428 liquescens
896 3359 927 3410 ει
941 3347 1085 3422 informis,
1097 3359 1255 3428 postquam
1271 3349 1326 3410 sub
1338 3358 1410 3430 typo

313 3445 472 3508 constricta
485 3445 584 3518 fuerit,
599 3444 638 3506 ad
652 3444 719 3524 typi
733 3444 930 3506 imitationem
953 3445 1101 3507 formatur
1119 3465 1155 3506 ac
1177 3445 1407 3508 determinatam

313 3544 446 3624 aliquam
461 3543 588 3623 figuram
603 3541 730 3621 accipit3
744 3541 788 3601 ita
801 3541 948 3603 consimili
962 3542 1086 3616 ratione,
1096 3563 1150 3617 res,
1162 3543 1302 3622 primitus
1317 3543 1409 3606 veluti

314 3639 552 3712 indeterminata,
572 3637 781 3700 accedentibus
801 3637 1042 3718 proprietatibus,
1063 3638 1280 3701 determinatur
1300 3661 1336 3702 aa
1349 3641 1412 3720 sor·

314 3743 418 3811 matur,
431 3737 476 3798 ita
489 3747 524 3798 ut
537 3735 606 3798 talia
619 3733 658 3796 sit
670 3745 701 3796 et
714 3754 774 3796 non
787 3733 858 3796 alia
872 3733 923 3796 Sic
935 3755 964 3796 v.
979 3757 1007 3815 g.
1022 3735 1111 3797 homo
1124 3736 1283 3798 accedente
1292 3737 1411 3817 justitia

316 3835 363 3898 vel
378 3833 539 3914 prudentia
549 3832 584 3893 ht
597 3853 633 3894 ac
646 3831 858 3894 denominatur
867 3832 975 3913 justus,
991 3832 1128 3912 prudens.

356 3934 403 3992 21.
444 3929 613 3992 Secundum
641 3929 794 3991 est—Per
819 3940 978 4009 utramque
1011 3929 1242 3992 abstractionem
1264 3929 1351 3992 nulla
1377 3931 1412 3990 iit

196 4091 205 4122 ι
314 4028 458 4107 separato
477 4027 572 4088 realia⁸
614 4025 692 4087 Cum
713 4027 791 4087 enim
807 4025 935 4088 facultas
955 4027 1144 4106 coqrwsoitioo
1157 4048 1245 4088 suum
1255 4028 1412 4107 propriata

316 4124 514 4207 apprehendit
526 4124 684 4203 objectum,
699 4145 757 4185 nou
772 4124 909 4203 equidem
923 4123 1055 4185 affirmat
1068 4124 1148 4203 quod
1163 4145 1208 4186 res
1223 4125 1265 4186 ita
1276 4145 1307 4186 se
1320 4123 1411 4185 habet

317 4222 348 4284 in
362 4220 466 4284 ordine
479 4219 562 4294 reali,
577 4231 666 4301 prout
674 4220 715 4281 ab
728 4219 856 4300 ipsamet
868 4219 1013 4282 facultate
1026 4221 1187 4300 attingitur
1199 4242 1206 4294 ;
1226 4220 1277 4282 sed
1292 4230 1410 4282 tantum

317 4321 357 4396 id,
371 4319 451 4401 quod
470 4339 557 4379 ειιιιιιι
570 4327 623 4388 εει,
636 4317 850 4399 apprehendit:
866 4317 904 4379 de
917 4317 985 4380 aliis
998 4328 1099 4380 autem
1115 4318 1349 4400 proprietatibus
1362 4319 1411 4380 vel
