3138 4956
832 401 952 480 Lupiae.

790 793 934 856 CAPUT
955 794 980 855 I.

738 1009 788 1049 on
825 1009 1034 1064 nannono.

374 1185 441 1246 355.
484 1185 737 1248 Examinavimus
758 1188 910 1266 hucusque
923 1190 1153 1262 instrumentum,
1168 1208 1228 1268 qno
1243 1187 1300 1248 rite
1321 1188 1441 1248 retioei·
1543 1255 1544 1258 Ἴ

335 1283 400 1341 nari
416 1292 507 1361 atque
521 1283 564 1342 ita
578 1282 616 1348 ad
631 1283 771 1342 scientiae
785 1284 1009 1362 acquisitionem
1026 1286 1181 1363 pervenire
1196 1285 1348 1362 possimus.
1390 1285 1439 1344 At
1543 1315 1544 1360 γ

335 1380 378 1438 nil
401 1380 516 1458 juverit
538 1380 768 1440 instrumentum
797 1401 854 1459 per
875 1403 905 1441 se
926 1393 1039 1460 aptum·
1054 1383 1092 1442 ad
1114 1381 1202 1442 finem
1225 1381 1436 1459 attingendum
1543 1419 1544 1426 κ

333 1479 502 1550 tradidisse,
517 1478 573 1538 nisi
597 1497 657 1537 una
678 1477 843 1538 indicemus
864 1481 950 1552 emm,
964 1499 1054 1558 quam
1077 1481 1160 1558 sequi
1182 1479 1334 1550 debemus,
1349 1479 1435 1539 ntad

334 1569 497 1633 terminum
514 1573 598 1633 nobis
613 1573 796 1652 propositum
813 1581 871 1634 tuto
886 1575 1103 1652 perveniamus.
1144 1575 1181 1634 Id
1198 1595 1328 1654 namque
1341 1577 1438 1653 exigit
1543 1581 1544 1640 ξ

272 1745 280 1760 ι
334 1690 449 1730 exona
471 1680 556 1748 parte
570 1669 645 1748 finis
659 1670 677 1730 i.
692 1691 716 1730 e.
731 1671 872 1730 scientiae
896 1671 1095 1750 acquirendae
1119 1671 1264 1744 arduitas,
1279 1693 1315 1732 ex
1339 1671 1436 1731 attera
1543 1679 1544 1714 ἓ

334 1788 404 1828 vero
425 1767 569 1826 trumunee
582 1768 684 1826 meretis
705 1767 865 1846 infirmitas.
907 1767 975 1826 Non
991 1768 1069 1827 enim
1092 1769 1256 1828 immediate
1269 1769 1438 1847 aequiritur
1543 1799 1544 1802 ¹

333 1863 373 1923 ab
388 1864 508 1924 homine
521 1863 653 1935 seientia,
667 1863 717 1922 sed
739 1864 863 1928 mediate
877 1873 907 1924 et
920 1865 1039 1943 quidem
1056 1864 1145 1943 longo
1159 1885 1195 1925 ac
1209 1885 1297 1943 saepe
1319 1865 1436 1943 saepius
1543 1893 1544 1940 3

333 1961 405 2020 satis
426 1961 582 2039 complexo
596 1972 626 2020 et
647 1961 788 2021 intricato
808 1961 1089 2040 experimentorum,
1108 1961 1292 2040 judiciorum
1321 1963 1436 2021 ratioei-
1543 1995 1544 2032 t

335 2059 512 2137 piorumque
536 2077 687 2136 proeessu3
719 2057 841 2118 aliunde
864 2078 934 2119 vero
956 2059 1028 2118 satis
1050 2067 1168 2119 constat
1190 2070 1233 2118 et·
1248 2059 1437 2137 experientia

334 2155 511 2233 quotidiana
524 2153 653 2214 ostendit
667 2154 830 2214 humanam
848 2165 975 2214 mentem
989 2137 1064 2215 adeo
1078 2175 1139 2214 esse
1153 2154 1316 2226 infirmum,
1333 2166 1367 2214 nt
1380 2154 1436 2214 nisi

334 2252 390 2328 ipsi
415 2251 485 2312 ordo
508 2251 663 2330 modiusque
687 2251 865 2329 procedendi
890 2251 1077 2324 exhiheatur,
1102 2261 1132 2312 et
1155 2255 1214 2324 vie,
1236 2273 1326 2330 quam
1351 2252 1434 2330 sequi
1543 2235 1544 2304 i

334 2350 431 2422 debet,
446 2349 628 2422 ostendatur,
642 2348 731 2408 facile
753 2348 917 2427 contingat,
932 2349 1011 2427 quod
1027 2368 1046 2408 a
1060 2358 1140 2408 recto
1154 2349 1290 2408 veritatis
1311 2348 1434 2407 tramite
1543 2335 1544 2400 j

333 2445 480 2506 deflectat.
523 2445 616 2505 Hunc
641 2445 820 2523 procedendi
845 2445 1076 2518 modum,·hnnc
1097 2444 1242 2518 ordinem,
1258 2445 1336 2504 hane
1350 2445 1431 2504 viam

333 2544 484 2604 Methodtte
497 2542 709 2622 suppeditabit.

373 2639 534 2700 Methodns
548 2659 567 2699 a
580 2661 649 2708 μετα
670 2659 733 2698 enm
749 2642 815 2702 nae
828 2641 884 2710 nio,
900 2639 978 2698 idem
1001 2639 1145 2716 importat
1166 2657 1202 2697 ac
1223 2656 1288 2696 enm
1308 2638 1366 2708 uin,
1379 2655 1430 2696 seu

330 2739 580 2810 saturationem
604 2735 737 2796 ordinem
761 2735 936 2814 disciplinae
958 2735 1116 2814 signifieat,
1141 2734 1336 2814 quiquidem
1360 2734 1433 2794 ordo
1543 2797 1544 2828 ,

331 2832 449 2894 facilius
458 2843 489 2892 et
502 2832 595 2894 tutius
609 2832 647 2892 ad
660 2832 795 2892 veritatis
805 2831 1041 2910 assequutiouem
1054 2832 1166 2910 dirigit,
1177 2831 1432 2909 quemadmodum
1543 2833 1544 2844 ¹

330 2931 380 2991 vin
395 2930 494 2990 brevis
507 2939 537 2990 et
551 2929 693 3008 expedita
713 2929 831 2988 facilins
845 2949 881 2989 ac
895 2930 988 2988 tutius
1003 2929 1087 2989 ducit
1100 2927 1139 2988 nd
1154 2928 1327 2988 terminum.
1370 2927 1433 2988 Ha-

331 3025 395 3086 bita
417 3026 510 3103 igitur
534 3025 615 3085 vocis
637 3024 835 3104 etymologiae
857 3025 981 3097 ratione,
997 3025 1154 3085 methodus
1181 3033 1240 3085 est:
1276 3025 1431 3085 ordinatus

331 3122 435 3182 modus
459 3122 490 3180 io
514 3121 644 3181 scientiis
662 3121 864 3200 procedendi:
886 3131 916 3183 et
940 3121 1058 3182 definiri
1081 3132 1195 3201 potest:
1217 3123 1320 3194 “ordo‚
1341 3143 1429 3202 quem

330 3238 412 3278 meus
425 3237 544 3278 servare
557 3217 646 3278 debet
660 3217 692 3276 in
705 3219 766 3278 suis
779 3218 1010 3297 operationibus,
1027 3231 1060 3280 ut
1074 3220 1230 3280 veritatem
1253 3219 1390 3280 inveniat
1402 3233 1431 3280 et

328 3316 482 3376 scientium
498 3315 554 3376 sibi
569 3317 748 3395 comparet.”

370 3411 418 3472 De
432 3411 572 3472 methodo
592 3413 693 3492 itaque
714 3415 819 3487 acturi,
835 3425 869 3476 nt
883 3435 949 3476 cum
972 3415 1075 3475 ordine
1089 3425 1119 3476 ot
1133 3414 1271 3476 claritate
1293 3417 1431 3496 procele-

332 3528 407 3582 mus,
421 3528 499 3588 qnae
512 3520 687 3588 sequuntur,
703 3510 894 3589 inquiremus.

369 3603 698 3684 Primo—Quotuplex
712 3607 752 3666 sit
765 3605 948 3668 Methodus?

368 3701 645 3780 Secundo—Quae
669 3704 827 3764 methodus
848 3705 887 3764 sit
908 3703 1081 3764 adhibenda
1104 3713 1167 3764 tum
1191 3706 1222 3764 in
1245 3705 1374 3785 alicujus
1388 3708 1428 3766 rei

327 3797 494 3878 desinitmne
521 3799 668 3872 versanda,
696 3819 763 3859 cum
793 3803 827 3859 in
851 3801 978 3872 ueritate,
999 3820 1076 3879 quae
1105 3801 1229 3880 judiciis
1249 3803 1428 3865 continetur.

327 3895 532 3974 innmtiqnnda
545 3905 575 3954 et
589 3895 788 3974 explicando!

367 3992 678 4069 Tertio-Quaenam
693 3993 848 4053 methodus
861 3996 895 4054 ta
909 3995 1122 4073 quaestionibus
1131 3995 1281 4068 soluendis,
1295 3996 1342 4057 vel
1353 3995 1428 4066 aliis,

327 4111 395 4152 eum
410 4091 526 4151 solutae
540 4090 661 4163 fuerint,
675 4089 837 4150 enodandis
851 4091 1015 4152 inserviet?

366 4186 676 4264 Quarto-Quanam
689 4185 830 4247 methodo
842 4187 885 4247 uti
896 4185 1057 4247 debeamus
1067 4189 1101 4246 in
1110 4187 1230 4246 scientie
1241 4185 1427 4265 inquirenda,

326 4285 374 4348 vel
389 4283 545 4346 tradenda.
