3358 4952
501 445 547 505 De
574 445 668 504 Tertio
693 445 800 504 Mentis
827 443 1007 522 Operatiom.

382 641 432 700 “si
447 641 546 701 Sortes
566 639 690 701 haberet
704 639 777 714 alas,
793 638 895 702 volare
909 639 1040 719 posset:”

380 737 430 798 “Si
444 736 544 798 Sortes
557 747 632 798 esset
646 737 732 817 lapis,
744 757 804 797 non
818 747 894 798 esset
907 736 1064 798 rationalis
1073 735 1098 795 :”

197 835 343 913 lepitimos
356 847 386 896 et
407 833 496 896 boiens
509 857 585 896 esse:
608 857 689 908 nam,
703 835 857 915 supposita
871 835 998 896 veritate
1018 834 1173 913 utriusque
1187 844 1301 894 antece

199 931 306 1004 dentis,
321 943 355 992 ut
369 943 403 992 ut
417 932 552 1006 conficta,
566 952 747 1012 consequens
761 953 866 992 verum
881 951 942 994 esse
957 930 1200 1012 deprehenditur.

240 1027 267 1087 E
282 1049 423 1089 converso
437 1031 550 1089 odiosae
564 1049 715 1090 censemus
730 1028 784 1090 has
797 1028 1038 1108 consequentias:

381 1125 499 1186 “Sortes
513 1136 557 1186 est
571 1127 661 1187 homo
671 1127 696 1198 ;”
719 1147 786 1205 erqo
801 1125 919 1187 “Sortes
932 1135 976 1186 est
989 1126 1094 1186 doctus
1104 1125 1129 1184 :”

381 1223 499 1284 “Sortes
512 1234 557 1283 est
570 1222 683 1283 animal
695 1222 720 1294 ;3'
742 1243 809 1300 erpo
824 1221 976 1282 “Arbores
989 1232 1059 1282 sunt
1079 1221 1264 1282 substantiae
1274 1221 1299 1280 ;'’
1335 1255 1341 1268 ·

198 1319 289 1392 Nam,
305 1319 335 1378 iu
351 1320 452 1398 priori,
463 1320 640 1380 antecedens
654 1330 697 1380 cst
710 1339 817 1392 venant,
828 1330 1115 1398 consequensautem
1133 1327 1301 1398 potestesse
1331 1369 1335 1376 .

188 1415 318 1494 schum:
334 1417 364 1476 in
381 1417 532 1496 posteriori
548 1427 658 1490 autem,
669 1417 723 1478 etsi
735 1417 911 1478 antecedens
922 1429 952 1478 et
963 1417 1212 1494 consequenssint
1225 1437 1301 1484 cern,
1381 1420 1385 1428 ”

200 1534 260 1574 uon
282 1514 348 1574 ideo
363 1525 462 1574 tamen
485 1514 718 1594 deprehenditur
732 1535 836 1576 verum
851 1535 911 1575 esse
925 1535 1113 1594 consequens,
1128 1514 1200 1593 quia
1221 1525 1301 1574 ante

198 1612 305 1672 cedens
319 1622 362 1672 est
378 1632 498 1671 verum:
520 1611 666 1690 siquidem
681 1633 717 1672 ex
740 1611 933 1672 antecedente
953 1612 1098 1672 existente
1112 1631 1191 1685 vero,
1206 1623 1303 1690 posset

197 1729 388 1788 consequens,
411 1709 436 1769 si
464 1708 540 1768 nihil
569 1707 709 1790 obstaret,
731 1729 791 1769 esse
814 1709 932 1770 fulsum.
975 1708 1097 1769 Exinde
1119 1706 1240 1787 colliges
1262 1709 1302 1768 cd

197 1805 351 1866 boudctem
371 1806 607 1885 consequentiae,
622 1827 681 1866 non
705 1805 793 1866 modo
807 1827 867 1866 nou
890 1805 1016 1885 utfficere
1038 1805 1238 1866 antecedentis
1253 1805 1298 1866 vel

197 1903 402 1980 consequentis
417 1904 568 1974 veritatum,
582 1902 632 1962 sed
647 1924 684 1963 ne
697 1905 809 1982 requiri
822 1902 959 1982 quidem:
974 1923 1045 1964 nam
1059 1923 1093 1962 ec
1107 1909 1225 1982 tdroqtae
1238 1922 1302 1962 uero

198 1999 410 2077 consequentia
434 2001 553 2069 vitreum·
575 2021 608 2058 cs
631 2005 751 2080 utroque
774 2009 874 2060 autem
897 1999 983 2077 jalce,
1007 2000 1217 2078 consequentia
1240 1999 1302 2059 sive

200 2099 284 2168 borso,
299 2097 485 2169 strenuom,
500 2107 634 2156 constare
649 2106 752 2175 potest
838 2131 841 2138 ·

240 2193 418 2269 b)-—Quum
433 2192 518 2253 dico:

300 2288 417 2350 “Sortes
431 2300 475 2349 est
489 2287 603 2348 animal
614 2288 639 2360 ;”
662 2309 728 2368 erqo
744 2288 885 2368 “aliquod
899 2289 1012 2350 animai
1027 2293 1071 2350 eat
1084 2289 1200 2350 Sortes:

198 2389 275 2448 douc
289 2397 332 2447 est
346 2387 572 2465 consequentia:
594 2407 664 2446 nam
680 2385 902 2446 emurodietoiio
923 2387 1136 2466 consequentis,
1150 2407 1196 2447 sc:
1219 2385 1302 2446 “nul-

201 2485 262 2544 lum
286 2483 400 2544 animal
415 2493 459 2544 est
479 2483 615 2544 Sortes:”
637 2483 807 2544 menradi-it
829 2484 1024 2556 antecedenti,
1039 2504 1099 2563 qua
1120 2503 1301 2545 asserueram

199 2582 297 2660 quod:
320 2581 438 2640 “Sortes
451 2581 490 2642 sit
503 2579 627 2659 aliquod
641 2579 782 2640 animal.’'
825 2580 930 2656 Quum
945 2601 1016 2642 vero
1029 2580 1115 2640 dico:

355 2678 472 2740 “Sortes
486 2688 530 2738 est
544 2678 632 2738 homo
642 2678 669 2750 ;''
690 2698 757 2756 erqo
771 2677 889 2738 “Sortes
902 2686 946 2738 est
961 2677 1161 2738 monoculus.’'

197 2781 323 2858 pessimo
346 2789 389 2838 cst
411 2776 637 2856 consequentia,
659 2795 730 2836 nam
751 2775 904 2854 supposito
926 2775 1022 2854 quod:
1044 2773 1162 2835 “Sortes
1183 2774 1304 2834 nonsit

204 2873 378 2935 monoculus
391 2873 418 2946 ;’'
447 2894 505 2933 nou
528 2872 594 2932 ideo
621 2872 763 2950 sequitur,
779 2870 877 2950 “quod
905 2871 1091 2940 Sortesnon
1119 2869 1159 2930 sit
1185 2867 1301 2958 homo5”

203 2970 280 3032 Item
297 2973 421 3048 pestium
437 2981 481 3030 est
495 2969 705 3048 consequentia
719 2969 906 3048 hujusmodi:

336 3066 458 3127 “Homo
472 3078 516 3127 est
529 3066 642 3126 animal
654 3066 680 3126 ;''
703 3087 769 3145 erqo
785 3065 933 3126 “mundus
946 3075 990 3126 est
1003 3065 1160 3127 existens.”
1209 3065 1213 3076 '

201 3185 271 3226 nam
287 3164 458 3244 “supposita
478 3183 538 3224 non
554 3163 712 3224 existentia
735 3162 867 3236 mundi,”
883 3183 942 3223 non
967 3163 1033 3223 ideo
1047 3162 1157 3223 “homo
1178 3172 1302 3222 cessaret

200 3283 261 3321 csse
275 3260 413 3321 animai.''
456 3261 499 3337 (n.
516 3259 606 3336 196').

241 3457 327 3517 cho
349 3455 520 3516 II.—Bonc
547 3457 753 3536 commmatio
776 3464 814 3516 eat
838 3457 879 3516 oei
894 3457 1039 3535 jorntoiis,
1061 3457 1104 3517 vel
1127 3457 1301 3518 materialis:

195 3555 283 3634 prior
306 3555 466 3614 caesarca
491 3560 548 3613 est:
576 3555 719 3631 ¹posterior
743 3553 914 3634 quandoque
938 3557 1106 3626 necessario,
1132 3554 1302 3636 qemndoque·

197 3650 359 3730 probabiles
374 3671 429 3710 eece
439 3657 538 3728 potest.
587 3651 623 3712 Ui
637 3657 740 3722 omma,
755 3657 863 3710 mtdutn
879 3653 1009 3729 matema,
1023 3651 1121 3710 endem
1136 3672 1302 3732 consequen-

199 3751 242 3808 ua
255 3748 391 3825 sumatis
404 3750 512 3820 eunt,
527 3769 669 3808 umanum
683 3756 739 3808 eet:
761 3749 867 3826 a)—ut
881 3749 980 3808 eodem
1002 3749 1149 3827 dupon'irc
1162 3771 1212 3809 eeu
1232 3750 1302 3810 ordo

201 3845 359 3918 verbosum,
379 3847 412 3904 iu
434 3845 538 3924 quibua
559 3847 600 3904 uis
622 3846 850 3925 mmeqrsutionis
871 3847 1007 3918 cernitur,
1028 3848 1207 3907 retinentur:
1229 3847 1304 3924 b)-

200 3949 232 4002 ut
245 3941 344 4004 ecdem
360 3961 456 4002 nocetne
471 3945 602 4019 acceptio,
617 3941 717 4002 ecdem
731 3945 967 4002 enunciationem
981 3945 1135 4022 quotue,
1150 3944 1302 4024 cadentque

195 4040 338 4117 partium,
362 4037 460 4098 saliem
477 4038 700 4116 principalium,
725 4037 850 4117 quditcu
873 4047 1016 4098 sentum:
1037 4039 1141 4116 c)-ut
1166 4062 1254 4101 neena
1278 4051 1303 4102 et

197 4135 410 4214 conjunctiones
436 4136 648 4212 principalium
662 4136 797 4214 partium
819 4138 1046 4214 ccresequutionis
1068 4159 1126 4198 recu
1147 4145 1300 4199 nicaenum
