<?xml version="1.0" encoding="UTF-8"?>
<!DOCTYPE html PUBLIC "-//W3C//DTD XHTML 1.0 Transitional//EN"
    "http://www.w3.org/TR/xhtml1/DTD/xhtml1-transitional.dtd">
<html xmlns="http://www.w3.org/1999/xhtml" xml:lang="en" lang="en">
 <head>
  <title>
</title>
<meta http-equiv="Content-Type" content="text/html;charset=utf-8" />
  <meta name='ocr-system' content='tesseract 3.04.00' />
  <meta name='ocr-capabilities' content='ocr_page ocr_carea ocr_par ocr_line ocrx_word'/>
</head>
<body>
  <div class='ocr_page' id='page_1' title='image "./logicaegenerali00schigoog_0150.png"; bbox 0 0 3358 4952; ppageno 0'>
   <div class='ocr_carea' id='block_1_1' title="bbox 491 462 1305 550">
    <p class='ocr_par' dir='ltr' id='par_1_1' title="bbox 491 462 1305 550">
     <span class='ocr_line' id='line_1_1' title="bbox 491 462 1305 550; baseline -0.017 -16"><span class='ocrx_word' id='word_1_1' title='bbox 491 473 537 534; x_wconf 83' lang='lat' dir='ltr'>De</span> <span class='ocrx_word' id='word_1_2' title='bbox 556 471 691 535; x_wconf 56' lang='lat' dir='ltr'>Mende</span> <span class='ocrx_word' id='word_1_3' title='bbox 713 471 820 532; x_wconf 74' lang='lat' dir='ltr'>Mentis</span> <span class='ocrx_word' id='word_1_4' title='bbox 845 471 1026 550; x_wconf 68' lang='lat' dir='ltr'><strong><em>Operatione.</em></strong></span> <span class='ocrx_word' id='word_1_5' title='bbox 1250 462 1305 522; x_wconf 71' lang='lat'>133</span> 
     </span>
    </p>
   </div>
   <div class='ocr_carea' id='block_1_2' title="bbox 203 657 1306 4044">
    <p class='ocr_par' dir='ltr' id='par_1_2' title="bbox 205 657 1305 2390">
     <span class='ocr_line' id='line_1_2' title="bbox 244 657 1305 744; baseline -0.011 -18"><span class='ocrx_word' id='word_1_6' title='bbox 244 668 356 744; x_wconf 59' lang='lat' dir='ltr'>el—Ut</span> <span class='ocrx_word' id='word_1_7' title='bbox 370 668 427 728; x_wconf 82' lang='lat' dir='ltr'>tino</span> <span class='ocrx_word' id='word_1_8' title='bbox 442 668 485 726; x_wconf 84' lang='lat' dir='ltr'>nel</span> <span class='ocrx_word' id='word_1_9' title='bbox 501 668 592 744; x_wconf 78' lang='lat' dir='ltr'>plano</span> <span class='ocrx_word' id='word_1_10' title='bbox 606 665 731 726; x_wconf 76' lang='lat' dir='ltr'>ntenbrn</span> <span class='ocrx_word' id='word_1_11' title='bbox 754 671 894 744; x_wconf 83' lang='lat' dir='ltr'>nequeant</span> <span class='ocrx_word' id='word_1_12' title='bbox 915 662 1003 722; x_wconf 60' lang='lat' dir='ltr'>amul</span> <span class='ocrx_word' id='word_1_13' title='bbox 1015 681 1071 721; x_wconf 80' lang='lat' dir='ltr'>oeae</span> <span class='ocrx_word' id='word_1_14' title='bbox 1085 657 1305 740; x_wconf 71' lang='lat' dir='ltr'>solete—Unde</span> 
     </span>
     <span class='ocr_line' id='line_1_3' title="bbox 209 755 1304 843; baseline -0.006 -20"><span class='ocrx_word' id='word_1_15' title='bbox 209 767 284 825; x_wconf 77' lang='lat' dir='ltr'>l&#39;also</span> <span class='ocrx_word' id='word_1_16' title='bbox 295 765 421 825; x_wconf 73' lang='lat' dir='ltr'>diceres:</span> <span class='ocrx_word' id='word_1_17' title='bbox 438 763 558 824; x_wconf 81' lang='lat' dir='ltr'>“Homo</span> <span class='ocrx_word' id='word_1_18' title='bbox 570 763 607 824; x_wconf 91' lang='lat' dir='ltr'>ad</span> <span class='ocrx_word' id='word_1_19' title='bbox 620 761 802 843; x_wconf 86' lang='lat' dir='ltr'>operandum</span> <span class='ocrx_word' id='word_1_20' title='bbox 816 761 938 821; x_wconf 77' lang='lat' dir='ltr'><strong>ducitur</strong></span> <span class='ocrx_word' id='word_1_21' title='bbox 949 759 996 820; x_wconf 90' lang='lat' dir='ltr'>vel</span> <span class='ocrx_word' id='word_1_22' title='bbox 1008 779 1109 819; x_wconf 85' lang='lat' dir='ltr'>amore</span> <span class='ocrx_word' id='word_1_23' title='bbox 1119 755 1304 816; x_wconf 85' lang='lat' dir='ltr'>divitiorum.</span> 
     </span>
     <span class='ocr_line' id='line_1_4' title="bbox 207 857 1036 940; baseline -0.008 -18"><span class='ocrx_word' id='word_1_24' title='bbox 207 862 254 922; x_wconf 78' lang='lat' dir='ltr'>rel</span> <span class='ocrx_word' id='word_1_25' title='bbox 270 882 371 920; x_wconf 85' lang='lat' dir='ltr'>umore</span> <span class='ocrx_word' id='word_1_26' title='bbox 385 861 498 940; x_wconf 78' lang='lat' dir='ltr'>gloriae</span> <span class='ocrx_word' id='word_1_27' title='bbox 512 861 671 932; x_wconf 79' lang='lat' dir='ltr'><strong>humanae,</strong></span> <span class='ocrx_word' id='word_1_28' title='bbox 685 858 733 920; x_wconf 87' lang='lat' dir='ltr'>vel</span> <span class='ocrx_word' id='word_1_29' title='bbox 748 878 849 919; x_wconf 86' lang='lat' dir='ltr'>amore</span> <span class='ocrx_word' id='word_1_30' title='bbox 864 857 1036 936; x_wconf 73' lang='lat' dir='ltr'>voluptatis.</span> 
     </span>
     <span class='ocr_line' id='line_1_5' title="bbox 245 951 1304 1036; baseline -0.009 -20"><span class='ocrx_word' id='word_1_31' title='bbox 245 957 282 1016; x_wconf 89' lang='lat' dir='ltr'>ln</span> <span class='ocrx_word' id='word_1_32' title='bbox 306 979 340 1016; x_wconf 88' lang='lat' dir='ltr'>ea</span> <span class='ocrx_word' id='word_1_33' title='bbox 355 972 465 1029; x_wconf 85' lang='lat' dir='ltr'>eutem,</span> <span class='ocrx_word' id='word_1_34' title='bbox 480 979 557 1036; x_wconf 84' lang='lat' dir='ltr'>quae</span> <span class='ocrx_word' id='word_1_35' title='bbox 579 959 737 1036; x_wconf 77' lang='lat' dir='ltr'>improprie</span> <span class='ocrx_word' id='word_1_36' title='bbox 757 956 870 1016; x_wconf 89' lang='lat' dir='ltr'>dicitur</span> <span class='ocrx_word' id='word_1_37' title='bbox 892 955 1095 1035; x_wconf 85' lang='lat' dir='ltr'>Diejunctiva,</span> <span class='ocrx_word' id='word_1_38' title='bbox 1109 951 1304 1028; x_wconf 81' lang='lat' dir='ltr'>subintelligi-</span> 
     </span>
     <span class='ocr_line' id='line_1_6' title="bbox 206 1053 829 1133; baseline -0.003 -19"><span class='ocrx_word' id='word_1_39' title='bbox 206 1067 257 1114; x_wconf 84' lang='lat' dir='ltr'>tur</span> <span class='ocrx_word' id='word_1_40' title='bbox 271 1053 420 1133; x_wconf 77' lang='lat' dir='ltr'>porticula</span> <span class='ocrx_word' id='word_1_41' title='bbox 434 1055 541 1128; x_wconf 74' lang='lat' dir='ltr'>enltctn,</span> <span class='ocrx_word' id='word_1_42' title='bbox 556 1055 599 1114; x_wconf 80' lang='lat' dir='ltr'>ite</span> <span class='ocrx_word' id='word_1_43' title='bbox 614 1064 647 1114; x_wconf 91' lang='lat' dir='ltr'>ut</span> <span class='ocrx_word' id='word_1_44' title='bbox 660 1074 761 1113; x_wconf 69' lang='lat' dir='ltr'>setosus</span> <span class='ocrx_word' id='word_1_45' title='bbox 774 1053 829 1113; x_wconf 90' lang='lat' dir='ltr'>sit:</span> 
     </span>
     <span class='ocr_line' id='line_1_7' title="bbox 246 1146 1135 1228; baseline -0.002 -20"><span class='ocrx_word' id='word_1_46' title='bbox 246 1150 298 1208; x_wconf 79' lang='lat' dir='ltr'>Sin</span> <span class='ocrx_word' id='word_1_47' title='bbox 315 1149 412 1210; x_wconf 88' lang='lat' dir='ltr'>minus</span> <span class='ocrx_word' id='word_1_48' title='bbox 425 1171 536 1222; x_wconf 76' lang='lat' dir='ltr'>omnes,</span> <span class='ocrx_word' id='word_1_49' title='bbox 550 1151 646 1210; x_wconf 76' lang='lat' dir='ltr'>etrltem</span> <span class='ocrx_word' id='word_1_50' title='bbox 661 1171 722 1209; x_wconf 87' lang='lat' dir='ltr'>anu</span> <span class='ocrx_word' id='word_1_51' title='bbox 737 1171 771 1210; x_wconf 76' lang='lat' dir='ltr'>en</span> <span class='ocrx_word' id='word_1_52' title='bbox 785 1149 829 1208; x_wconf 72' lang='lat' dir='ltr'>lim</span> <span class='ocrx_word' id='word_1_53' title='bbox 837 1147 973 1228; x_wconf 70' lang='lat' dir='ltr'>portione</span> <span class='ocrx_word' id='word_1_54' title='bbox 987 1167 1058 1208; x_wconf 82' lang='lat' dir='ltr'>vern</span> <span class='ocrx_word' id='word_1_55' title='bbox 1072 1146 1135 1206; x_wconf 79' lang='lat' dir='ltr'>erit.</span> 
     </span>
     <span class='ocr_line' id='line_1_8' title="bbox 247 1241 1305 1324; baseline -0.008 -20"><span class='ocrx_word' id='word_1_56' title='bbox 247 1247 398 1322; x_wconf 74' lang='lat' dir='ltr'>Quocirca</span> <span class='ocrx_word' id='word_1_57' title='bbox 411 1247 451 1306; x_wconf 83' lang='lat' dir='ltr'>ed</span> <span class='ocrx_word' id='word_1_58' title='bbox 474 1247 630 1306; x_wconf 84' lang='lat' dir='ltr'>veritatem</span> <span class='ocrx_word' id='word_1_59' title='bbox 654 1247 745 1324; x_wconf 88' lang='lat' dir='ltr'>ipsius</span> <span class='ocrx_word' id='word_1_60' title='bbox 768 1245 903 1316; x_wconf 86' lang='lat' dir='ltr'>sufficiet,</span> <span class='ocrx_word' id='word_1_61' title='bbox 918 1253 951 1303; x_wconf 92' lang='lat' dir='ltr'>ut</span> <span class='ocrx_word' id='word_1_62' title='bbox 965 1263 1026 1303; x_wconf 88' lang='lat' dir='ltr'>una</span> <span class='ocrx_word' id='word_1_63' title='bbox 1040 1263 1078 1302; x_wconf 79' lang='lat' dir='ltr'>ex</span> <span class='ocrx_word' id='word_1_64' title='bbox 1101 1241 1305 1320; x_wconf 86' lang='lat' dir='ltr'>propositioni·</span> 
     </span>
     <span class='ocr_line' id='line_1_9' title="bbox 205 1339 1305 1421; baseline -0.005 -20"><span class='ocrx_word' id='word_1_65' title='bbox 205 1343 261 1402; x_wconf 79' lang='lat' dir='ltr'>bue</span> <span class='ocrx_word' id='word_1_66' title='bbox 275 1343 458 1420; x_wconf 71' lang='lat' dir='ltr'>categoricis,</span> <span class='ocrx_word' id='word_1_67' title='bbox 473 1363 546 1421; x_wconf 82' lang='lat' dir='ltr'>ques</span> <span class='ocrx_word' id='word_1_68' title='bbox 560 1345 700 1414; x_wconf 88' lang='lat' dir='ltr'>continet,</span> <span class='ocrx_word' id='word_1_69' title='bbox 715 1343 753 1402; x_wconf 81' lang='lat' dir='ltr'>sit</span> <span class='ocrx_word' id='word_1_70' title='bbox 768 1362 846 1402; x_wconf 85' lang='lat' dir='ltr'>vera.</span> <span class='ocrx_word' id='word_1_71' title='bbox 875 1340 959 1400; x_wconf 84' lang='lat' dir='ltr'>Hinc</span> <span class='ocrx_word' id='word_1_72' title='bbox 974 1360 1045 1400; x_wconf 82' lang='lat' dir='ltr'>vera</span> <span class='ocrx_word' id='word_1_73' title='bbox 1058 1349 1102 1399; x_wconf 86' lang='lat' dir='ltr'>est</span> <span class='ocrx_word' id='word_1_74' title='bbox 1116 1339 1226 1398; x_wconf 77' lang='lat' dir='ltr'>isthaec</span> <span class='ocrx_word' id='word_1_75' title='bbox 1241 1357 1305 1414; x_wconf 88' lang='lat' dir='ltr'>pro·</span> 
     </span>
     <span class='ocr_line' id='line_1_10' title="bbox 205 1427 671 1518; baseline 0 -18"><span class='ocrx_word' id='word_1_76' title='bbox 205 1441 328 1518; x_wconf 85' lang='lat' dir='ltr'>positio:</span> <span class='ocrx_word' id='word_1_77' title='bbox 555 1446 557 1450; x_wconf 82' lang='grc'><strong>’</strong></span> <span class='ocrx_word' id='word_1_78' title='bbox 666 1427 671 1438; x_wconf 68' lang='grc'><strong>’</strong></span> 
     </span>
     <span class='ocr_line' id='line_1_11' title="bbox 399 1533 1112 1609; baseline -0.004 -12"><span class='ocrx_word' id='word_1_79' title='bbox 399 1536 477 1597; x_wconf 88' lang='lat' dir='ltr'>“Vel</span> <span class='ocrx_word' id='word_1_80' title='bbox 493 1536 608 1609; x_wconf 88' lang='lat' dir='ltr'>Petrus,</span> <span class='ocrx_word' id='word_1_81' title='bbox 624 1536 670 1598; x_wconf 88' lang='lat' dir='ltr'>vel</span> <span class='ocrx_word' id='word_1_82' title='bbox 687 1535 800 1596; x_wconf 86' lang='lat' dir='ltr'>Paulus</span> <span class='ocrx_word' id='word_1_83' title='bbox 816 1535 931 1596; x_wconf 82' lang='lat' dir='ltr'>Romae</span> <span class='ocrx_word' id='word_1_84' title='bbox 945 1533 1112 1595; x_wconf 74' lang='lat' dir='ltr'>occubuit&#39;&#39;</span> 
     </span>
     <span class='ocr_line' id='line_1_12' title="bbox 206 1631 1184 1714; baseline -0.004 -21"><span class='ocrx_word' id='word_1_85' title='bbox 206 1637 323 1694; x_wconf 84' lang='lat' dir='ltr'>tametsi</span> <span class='ocrx_word' id='word_1_86' title='bbox 340 1647 464 1714; x_wconf 89' lang='lat' dir='ltr'>uterque</span> <span class='ocrx_word' id='word_1_87' title='bbox 477 1635 568 1695; x_wconf 89' lang='lat' dir='ltr'>fuerit</span> <span class='ocrx_word' id='word_1_88' title='bbox 590 1635 704 1695; x_wconf 84' lang='lat' dir='ltr'>Romae</span> <span class='ocrx_word' id='word_1_89' title='bbox 719 1645 868 1695; x_wconf 84' lang='lat' dir='ltr'>mortuus:</span> <span class='ocrx_word' id='word_1_90' title='bbox 891 1632 1020 1712; x_wconf 84' lang='lat' dir='ltr'>itemque</span> <span class='ocrx_word' id='word_1_91' title='bbox 1034 1633 1090 1692; x_wconf 86' lang='lat' dir='ltr'>ista</span> <span class='ocrx_word' id='word_1_92' title='bbox 1105 1631 1184 1702; x_wconf 78' lang='lat' dir='ltr'>ulie3</span> 
     </span>
     <span class='ocr_line' id='line_1_13' title="bbox 396 1728 1133 1804; baseline -0.007 -12"><span class='ocrx_word' id='word_1_93' title='bbox 396 1731 473 1792; x_wconf 85' lang='lat' dir='ltr'>“Vel</span> <span class='ocrx_word' id='word_1_94' title='bbox 489 1731 604 1804; x_wconf 84' lang='lat' dir='ltr'>Petrus,</span> <span class='ocrx_word' id='word_1_95' title='bbox 621 1731 668 1793; x_wconf 81' lang='lat' dir='ltr'>vel</span> <span class='ocrx_word' id='word_1_96' title='bbox 685 1732 823 1791; x_wconf 75' lang='lat' dir='ltr'>Andreas</span> <span class='ocrx_word' id='word_1_97' title='bbox 839 1731 953 1791; x_wconf 81' lang='lat' dir='ltr'>Romae</span> <span class='ocrx_word' id='word_1_98' title='bbox 967 1728 1133 1790; x_wconf 71' lang='lat' dir='ltr'>ottenbuit.”</span> 
     </span>
     <span class='ocr_line' id='line_1_14' title="bbox 205 1829 748 1912; baseline 0.002 -25"><span class='ocrx_word' id='word_1_99' title='bbox 205 1829 464 1912; x_wconf 60' lang='lat' dir='ltr'>quitureriticatur</span> <span class='ocrx_word' id='word_1_100' title='bbox 478 1829 515 1888; x_wconf 83' lang='lat' dir='ltr'>tle</span> <span class='ocrx_word' id='word_1_101' title='bbox 531 1849 589 1888; x_wconf 92' lang='lat' dir='ltr'>uno</span> <span class='ocrx_word' id='word_1_102' title='bbox 605 1829 748 1888; x_wconf 80' lang='lat' dir='ltr'>membro,</span> 
     </span>
     <span class='ocr_line' id='line_1_15' title="bbox 249 1922 1304 2005; baseline -0.007 -19"><span class='ocrx_word' id='word_1_103' title='bbox 249 1928 315 1988; x_wconf 82' lang='lat'><strong>173.</strong></span> <span class='ocrx_word' id='word_1_104' title='bbox 357 1925 627 2004; x_wconf 75' lang='lat' dir='ltr'>Ill-Propositio</span> <span class='ocrx_word' id='word_1_105' title='bbox 642 1926 833 2005; x_wconf 84' lang='lat' dir='ltr'>conjunctiva</span> <span class='ocrx_word' id='word_1_106' title='bbox 854 1924 961 1984; x_wconf 78' lang='lat' dir='ltr'>statuit</span> <span class='ocrx_word' id='word_1_107' title='bbox 975 1923 1068 1983; x_wconf 84' lang='lat' dir='ltr'>“dnae</span> <span class='ocrx_word' id='word_1_108' title='bbox 1091 1922 1304 2002; x_wconf 69' lang='lat' dir='ltr'>propositiones</span> 
     </span>
     <span class='ocr_line' id='line_1_16' title="bbox 208 2021 918 2103; baseline -0.003 -19"><span class='ocrx_word' id='word_1_109' title='bbox 208 2046 267 2084; x_wconf 92' lang='lat' dir='ltr'>non</span> <span class='ocrx_word' id='word_1_110' title='bbox 283 2045 365 2103; x_wconf 83' lang='lat' dir='ltr'>posse</span> <span class='ocrx_word' id='word_1_111' title='bbox 379 2045 439 2084; x_wconf 84' lang='lat' dir='ltr'>esse</span> <span class='ocrx_word' id='word_1_112' title='bbox 453 2025 540 2082; x_wconf 72' lang='lat' dir='ltr'>monol</span> <span class='ocrx_word' id='word_1_113' title='bbox 553 2023 665 2083; x_wconf 81' lang='lat' dir='ltr'>verae.’&#39;</span> <span class='ocrx_word' id='word_1_114' title='bbox 708 2022 756 2081; x_wconf 85' lang='lat' dir='ltr'>En</span> <span class='ocrx_word' id='word_1_115' title='bbox 771 2021 918 2101; x_wconf 82' lang='lat' dir='ltr'>exemplu.</span> 
     </span>
     <span class='ocr_line' id='line_1_17' title="bbox 447 2119 1077 2200; baseline 0 -20"><span class='ocrx_word' id='word_1_116' title='bbox 447 2120 535 2180; x_wconf 80' lang='lat' dir='ltr'>“Non</span> <span class='ocrx_word' id='word_1_117' title='bbox 551 2132 581 2181; x_wconf 89' lang='lat' dir='ltr'>et</span> <span class='ocrx_word' id='word_1_118' title='bbox 595 2121 672 2180; x_wconf 89' lang='lat' dir='ltr'>idem</span> <span class='ocrx_word' id='word_1_119' title='bbox 689 2131 859 2200; x_wconf 86' lang='lat' dir='ltr'>potestesse</span> <span class='ocrx_word' id='word_1_120' title='bbox 873 2131 902 2180; x_wconf 92' lang='lat' dir='ltr'>et</span> <span class='ocrx_word' id='word_1_121' title='bbox 916 2141 976 2181; x_wconf 89' lang='lat' dir='ltr'>non</span> <span class='ocrx_word' id='word_1_122' title='bbox 990 2119 1077 2180; x_wconf 85' lang='lat' dir='ltr'>esse.”</span> 
     </span>
     <span class='ocr_line' id='line_1_18' title="bbox 447 2217 1077 2298; baseline 0.005 -22"><span class='ocrx_word' id='word_1_123' title='bbox 447 2217 550 2278; x_wconf 89' lang='lat' dir='ltr'>“Idem</span> <span class='ocrx_word' id='word_1_124' title='bbox 573 2219 676 2298; x_wconf 90' lang='lat' dir='ltr'>nequit</span> <span class='ocrx_word' id='word_1_125' title='bbox 695 2219 784 2278; x_wconf 85' lang='lat' dir='ltr'>simul</span> <span class='ocrx_word' id='word_1_126' title='bbox 799 2240 859 2279; x_wconf 78' lang='lat' dir='ltr'>esse</span> <span class='ocrx_word' id='word_1_127' title='bbox 872 2229 902 2280; x_wconf 89' lang='lat' dir='ltr'>et</span> <span class='ocrx_word' id='word_1_128' title='bbox 916 2240 975 2279; x_wconf 89' lang='lat' dir='ltr'>non</span> <span class='ocrx_word' id='word_1_129' title='bbox 990 2219 1077 2279; x_wconf 81' lang='lat' dir='ltr'>eese’&#39;</span> 
     </span>
     <span class='ocr_line' id='line_1_19' title="bbox 447 2313 990 2390; baseline 0.004 -16"><span class='ocrx_word' id='word_1_130' title='bbox 447 2313 550 2374; x_wconf 88' lang='lat' dir='ltr'>“Idem</span> <span class='ocrx_word' id='word_1_131' title='bbox 567 2335 624 2375; x_wconf 92' lang='lat' dir='ltr'>non</span> <span class='ocrx_word' id='word_1_132' title='bbox 641 2325 684 2376; x_wconf 86' lang='lat' dir='ltr'>est</span> <span class='ocrx_word' id='word_1_133' title='bbox 697 2316 787 2390; x_wconf 73' lang='lat' dir='ltr'>simul</span> <span class='ocrx_word' id='word_1_134' title='bbox 802 2325 831 2376; x_wconf 88' lang='lat' dir='ltr'>et</span> <span class='ocrx_word' id='word_1_135' title='bbox 845 2337 903 2374; x_wconf 92' lang='lat' dir='ltr'>non</span> <span class='ocrx_word' id='word_1_136' title='bbox 920 2315 990 2376; x_wconf 81' lang='lat' dir='ltr'>est”</span> 
     </span>
    </p>

    <p class='ocr_par' dir='ltr' id='par_1_3' title="bbox 211 2411 709 2492">
     <span class='ocr_line' id='line_1_20' title="bbox 211 2411 709 2492; baseline 0.004 -22"><span class='ocrx_word' id='word_1_137' title='bbox 211 2412 258 2471; x_wconf 85' lang='lat' dir='ltr'>Ex</span> <span class='ocrx_word' id='word_1_138' title='bbox 274 2413 345 2472; x_wconf 81' lang='lat' dir='ltr'>dete</span> <span class='ocrx_word' id='word_1_139' title='bbox 359 2411 532 2472; x_wconf 87' lang='lat' dir='ltr'>definitione</span> <span class='ocrx_word' id='word_1_140' title='bbox 546 2412 709 2492; x_wconf 70' lang='lat' dir='ltr'>intelliges:</span> 
     </span>
    </p>

    <p class='ocr_par' dir='ltr' id='par_1_4' title="bbox 204 2509 1306 2766">
     <span class='ocr_line' id='line_1_21' title="bbox 247 2509 1305 2590; baseline 0 -22"><span class='ocrx_word' id='word_1_141' title='bbox 247 2509 372 2586; x_wconf 71' lang='lat' dir='ltr'>ol-Ex</span> <span class='ocrx_word' id='word_1_142' title='bbox 388 2509 442 2583; x_wconf 83' lang='lat' dir='ltr'>his,</span> <span class='ocrx_word' id='word_1_143' title='bbox 458 2529 534 2588; x_wconf 89' lang='lat' dir='ltr'>quae</span> <span class='ocrx_word' id='word_1_144' title='bbox 555 2510 747 2590; x_wconf 82' lang='lat' dir='ltr'>Disjunctive</span> <span class='ocrx_word' id='word_1_145' title='bbox 761 2511 875 2584; x_wconf 81' lang='lat' dir='ltr'>statuit,</span> <span class='ocrx_word' id='word_1_146' title='bbox 890 2531 983 2571; x_wconf 90' lang='lat' dir='ltr'>unum</span> <span class='ocrx_word' id='word_1_147' title='bbox 998 2521 1116 2572; x_wconf 84' lang='lat' dir='ltr'>tantum</span> <span class='ocrx_word' id='word_1_148' title='bbox 1130 2511 1274 2571; x_wconf 79' lang='lat' dir='ltr'>statuitur</span> <span class='ocrx_word' id='word_1_149' title='bbox 1287 2531 1305 2568; x_wconf 86' lang='lat' dir='ltr'>a</span> 
     </span>
     <span class='ocr_line' id='line_1_22' title="bbox 205 2607 1306 2688; baseline -0.003 -20"><span class='ocrx_word' id='word_1_150' title='bbox 205 2609 407 2688; x_wconf 88' lang='lat' dir='ltr'>conjunctiva,</span> <span class='ocrx_word' id='word_1_151' title='bbox 422 2629 469 2668; x_wconf 87' lang='lat' dir='ltr'>se:</span> <span class='ocrx_word' id='word_1_152' title='bbox 483 2629 596 2680; x_wconf 84' lang='lat' dir='ltr'>eorum,</span> <span class='ocrx_word' id='word_1_153' title='bbox 608 2627 685 2688; x_wconf 87' lang='lat' dir='ltr'>quae</span> <span class='ocrx_word' id='word_1_154' title='bbox 699 2618 895 2682; x_wconf 75' lang='lat' dir='ltr'>recensentur,</span> <span class='ocrx_word' id='word_1_155' title='bbox 907 2629 966 2669; x_wconf 90' lang='lat' dir='ltr'>non</span> <span class='ocrx_word' id='word_1_156' title='bbox 981 2629 1063 2688; x_wconf 88' lang='lat' dir='ltr'>posse</span> <span class='ocrx_word' id='word_1_157' title='bbox 1074 2608 1143 2679; x_wconf 92' lang='lat' dir='ltr'>duo,</span> <span class='ocrx_word' id='word_1_158' title='bbox 1154 2607 1202 2668; x_wconf 83' lang='lat' dir='ltr'>vel</span> <span class='ocrx_word' id='word_1_159' title='bbox 1218 2607 1306 2685; x_wconf 86' lang='lat' dir='ltr'>plura</span> 
     </span>
     <span class='ocr_line' id='line_1_23' title="bbox 204 2704 462 2766; baseline 0.004 -2"><span class='ocrx_word' id='word_1_160' title='bbox 204 2704 295 2764; x_wconf 82' lang='lat' dir='ltr'>simul</span> <span class='ocrx_word' id='word_1_161' title='bbox 310 2704 462 2766; x_wconf 85' lang='lat' dir='ltr'>affirmari.</span> 
     </span>
    </p>

    <p class='ocr_par' dir='ltr' id='par_1_5' title="bbox 206 2799 1305 2976">
     <span class='ocr_line' id='line_1_24' title="bbox 250 2799 1305 2880; baseline -0.001 -19"><span class='ocrx_word' id='word_1_162' title='bbox 250 2799 454 2875; x_wconf 65' lang='lat' dir='ltr'>tal-Proinde</span> <span class='ocrx_word' id='word_1_163' title='bbox 469 2812 502 2861; x_wconf 88' lang='lat' dir='ltr'>ut</span> <span class='ocrx_word' id='word_1_164' title='bbox 525 2821 597 2864; x_wconf 82' lang='lat' dir='ltr'>vera</span> <span class='ocrx_word' id='word_1_165' title='bbox 617 2801 664 2874; x_wconf 87' lang='lat' dir='ltr'>sit,</span> <span class='ocrx_word' id='word_1_166' title='bbox 687 2802 821 2861; x_wconf 81' lang='lat' dir='ltr'>membre</span> <span class='ocrx_word' id='word_1_167' title='bbox 843 2801 903 2861; x_wconf 88' lang='lat' dir='ltr'>sint</span> <span class='ocrx_word' id='word_1_168' title='bbox 923 2801 1173 2880; x_wconf 79' lang='lat' dir='ltr'>lneornpoeet’bilio.</span> <span class='ocrx_word' id='word_1_169' title='bbox 1215 2799 1305 2862; x_wconf 89' lang='lat' dir='ltr'>Unde</span> 
     </span>
     <span class='ocr_line' id='line_1_25' title="bbox 206 2897 1224 2976; baseline 0 -20"><span class='ocrx_word' id='word_1_170' title='bbox 206 2897 282 2957; x_wconf 85' lang='lat' dir='ltr'>falsa</span> <span class='ocrx_word' id='word_1_171' title='bbox 296 2907 341 2956; x_wconf 87' lang='lat' dir='ltr'>est</span> <span class='ocrx_word' id='word_1_172' title='bbox 356 2897 484 2958; x_wconf 86' lang='lat' dir='ltr'>isthaec:</span> <span class='ocrx_word' id='word_1_173' title='bbox 507 2897 615 2957; x_wconf 89' lang='lat' dir='ltr'>“homo</span> <span class='ocrx_word' id='word_1_174' title='bbox 629 2897 732 2976; x_wconf 89' lang='lat' dir='ltr'>nequit</span> <span class='ocrx_word' id='word_1_175' title='bbox 746 2917 805 2958; x_wconf 74' lang='lat' dir='ltr'>cese</span> <span class='ocrx_word' id='word_1_176' title='bbox 816 2898 905 2958; x_wconf 84' lang='lat' dir='ltr'>simul</span> <span class='ocrx_word' id='word_1_177' title='bbox 921 2897 1043 2957; x_wconf 86' lang='lat' dir='ltr'>humilis</span> <span class='ocrx_word' id='word_1_178' title='bbox 1053 2906 1083 2958; x_wconf 90' lang='lat' dir='ltr'>et</span> <span class='ocrx_word' id='word_1_179' title='bbox 1096 2897 1224 2958; x_wconf 83' lang='lat' dir='ltr'>doctus.&#39;’</span> 
     </span>
    </p>

    <p class='ocr_par' dir='ltr' id='par_1_6' title="bbox 204 2993 1302 3154">
     <span class='ocr_line' id='line_1_26' title="bbox 246 2993 1302 3074; baseline 0 -20"><span class='ocrx_word' id='word_1_180' title='bbox 246 2993 368 3071; x_wconf 89' lang='lat' dir='ltr'>c)-Ab</span> <span class='ocrx_word' id='word_1_181' title='bbox 383 2995 470 3054; x_wconf 85' lang='lat' dir='ltr'>unius</span> <span class='ocrx_word' id='word_1_182' title='bbox 493 2995 586 3074; x_wconf 89' lang='lat' dir='ltr'>partis</span> <span class='ocrx_word' id='word_1_183' title='bbox 607 2994 805 3055; x_wconf 82' lang='lat' dir='ltr'>affirmatione</span> <span class='ocrx_word' id='word_1_184' title='bbox 827 3003 923 3074; x_wconf 86' lang='lat' dir='ltr'>potest</span> <span class='ocrx_word' id='word_1_185' title='bbox 943 2995 1031 3074; x_wconf 85' lang='lat' dir='ltr'>argui</span> <span class='ocrx_word' id='word_1_186' title='bbox 1055 2994 1093 3055; x_wconf 85' lang='lat' dir='ltr'>ed</span> <span class='ocrx_word' id='word_1_187' title='bbox 1117 2996 1302 3073; x_wconf 67' lang='lat' dir='ltr'>negationem</span> 
     </span>
     <span class='ocr_line' id='line_1_27' title="bbox 204 3092 624 3154; baseline -0.002 -1"><span class='ocrx_word' id='word_1_188' title='bbox 204 3093 345 3154; x_wconf 86' lang='lat' dir='ltr'>alterius:</span> <span class='ocrx_word' id='word_1_189' title='bbox 367 3103 399 3152; x_wconf 91' lang='lat' dir='ltr'>at</span> <span class='ocrx_word' id='word_1_190' title='bbox 413 3109 471 3152; x_wconf 88' lang='lat' dir='ltr'>non</span> <span class='ocrx_word' id='word_1_191' title='bbox 487 3092 624 3154; x_wconf 72' lang='lat' dir='ltr'>vicissim.</span> 
     </span>
    </p>

    <p class='ocr_par' dir='ltr' id='par_1_7' title="bbox 203 3189 1306 4044">
     <span class='ocr_line' id='line_1_28' title="bbox 250 3189 1304 3270; baseline 0 -20"><span class='ocrx_word' id='word_1_192' title='bbox 250 3191 314 3251; x_wconf 83' lang='lat'>174.</span> <span class='ocrx_word' id='word_1_193' title='bbox 358 3189 409 3249; x_wconf 83' lang='lat' dir='ltr'>Ad</span> <span class='ocrx_word' id='word_1_194' title='bbox 424 3191 653 3269; x_wconf 79' lang='lat' dir='ltr'>propositionem</span> <span class='ocrx_word' id='word_1_195' title='bbox 677 3190 909 3250; x_wconf 81' lang='lat' dir='ltr'>conditionalem</span> <span class='ocrx_word' id='word_1_196' title='bbox 934 3201 1112 3251; x_wconf 83' lang='lat' dir='ltr'>revocantur</span> <span class='ocrx_word' id='word_1_197' title='bbox 1134 3190 1212 3263; x_wconf 88' lang='lat' dir='ltr'>illae,</span> <span class='ocrx_word' id='word_1_198' title='bbox 1229 3213 1304 3270; x_wconf 72' lang='lat' dir='ltr'>qnam</span> 
     </span>
     <span class='ocr_line' id='line_1_29' title="bbox 209 3287 1303 3368; baseline 0.003 -23"><span class='ocrx_word' id='word_1_199' title='bbox 209 3287 372 3358; x_wconf 80' lang='lat' dir='ltr'>rnn&#39;onelee,</span> <span class='ocrx_word' id='word_1_200' title='bbox 388 3288 525 3366; x_wconf 83' lang='lat' dir='ltr'>itemque,</span> <span class='ocrx_word' id='word_1_201' title='bbox 540 3307 617 3366; x_wconf 83' lang='lat' dir='ltr'>quae</span> <span class='ocrx_word' id='word_1_202' title='bbox 638 3288 764 3347; x_wconf 66' lang='lat' dir='ltr'>muncke</span> <span class='ocrx_word' id='word_1_203' title='bbox 788 3287 938 3360; x_wconf 86' lang='lat' dir='ltr'>dicuntur,</span> <span class='ocrx_word' id='word_1_204' title='bbox 953 3287 1118 3368; x_wconf 85' lang='lat' dir='ltr'>cujusmodi</span> <span class='ocrx_word' id='word_1_205' title='bbox 1140 3301 1209 3348; x_wconf 88' lang='lat' dir='ltr'>sunt</span> <span class='ocrx_word' id='word_1_206' title='bbox 1234 3309 1261 3348; x_wconf 91' lang='lat' dir='ltr'>v.</span> <span class='ocrx_word' id='word_1_207' title='bbox 1276 3313 1303 3366; x_wconf 68' lang='lat' dir='ltr'>p.</span> 
     </span>
     <span class='ocr_line' id='line_1_30' title="bbox 205 3382 1304 3470; baseline 0.002 -28"><span class='ocrx_word' id='word_1_208' title='bbox 205 3383 261 3442; x_wconf 88' lang='lat' dir='ltr'>hae</span> <span class='ocrx_word' id='word_1_209' title='bbox 275 3382 370 3442; x_wconf 88' lang='lat' dir='ltr'>duae:</span> <span class='ocrx_word' id='word_1_210' title='bbox 393 3382 460 3443; x_wconf 84' lang='lat' dir='ltr'>“Sol</span> <span class='ocrx_word' id='word_1_211' title='bbox 484 3383 579 3443; x_wconf 86' lang='lat' dir='ltr'>lueet:</span> <span class='ocrx_word' id='word_1_212' title='bbox 602 3404 672 3463; x_wconf 84' lang='lat' dir='ltr'>ergo</span> <span class='ocrx_word' id='word_1_213' title='bbox 685 3392 728 3443; x_wconf 86' lang='lat' dir='ltr'>est</span> <span class='ocrx_word' id='word_1_214' title='bbox 750 3383 812 3444; x_wconf 88' lang='lat' dir='ltr'>dies</span> <span class='ocrx_word' id='word_1_215' title='bbox 823 3383 849 3442; x_wconf 90' lang='lat'>:&#39;&#39;</span> <span class='ocrx_word' id='word_1_216' title='bbox 871 3383 940 3444; x_wconf 81' lang='lat' dir='ltr'>“Sol</span> <span class='ocrx_word' id='word_1_217' title='bbox 956 3384 1050 3444; x_wconf 87' lang='lat' dir='ltr'>lucet:</span> <span class='ocrx_word' id='word_1_218' title='bbox 1073 3385 1145 3470; x_wconf 87' lang='lat' dir='ltr'>quia</span> <span class='ocrx_word' id='word_1_219' title='bbox 1159 3394 1202 3444; x_wconf 83' lang='lat' dir='ltr'>cst</span> <span class='ocrx_word' id='word_1_220' title='bbox 1215 3385 1304 3444; x_wconf 60' lang='lat' dir='ltr'>dtefl’</span> 
     </span>
     <span class='ocr_line' id='line_1_31' title="bbox 209 3479 1305 3559; baseline 0.004 -21"><span class='ocrx_word' id='word_1_221' title='bbox 209 3479 267 3538; x_wconf 89' lang='lat' dir='ltr'>Pro</span> <span class='ocrx_word' id='word_1_222' title='bbox 290 3480 415 3540; x_wconf 85' lang='lat' dir='ltr'>veritate</span> <span class='ocrx_word' id='word_1_223' title='bbox 441 3481 601 3559; x_wconf 87' lang='lat' dir='ltr'>utriusque,</span> <span class='ocrx_word' id='word_1_224' title='bbox 627 3480 845 3542; x_wconf 81' lang='lat' dir='ltr'>observandum</span> <span class='ocrx_word' id='word_1_225' title='bbox 868 3490 919 3542; x_wconf 87' lang='lat' dir='ltr'>est.</span> <span class='ocrx_word' id='word_1_226' title='bbox 962 3481 1159 3544; x_wconf 83' lang='lat' dir='ltr'>Primo-Ut</span> <span class='ocrx_word' id='word_1_227' title='bbox 1181 3503 1253 3542; x_wconf 78' lang='lat' dir='ltr'>vera</span> <span class='ocrx_word' id='word_1_228' title='bbox 1267 3484 1305 3543; x_wconf 86' lang='lat' dir='ltr'>sit</span> 
     </span>
     <span class='ocr_line' id='line_1_32' title="bbox 204 3575 1305 3656; baseline 0.005 -22"><span class='ocrx_word' id='word_1_229' title='bbox 204 3575 366 3646; x_wconf 77' lang='lat' dir='ltr'>rationalia,</span> <span class='ocrx_word' id='word_1_230' title='bbox 388 3577 549 3654; x_wconf 87' lang='lat' dir='ltr'>requiritur</span> <span class='ocrx_word' id='word_1_231' title='bbox 563 3575 717 3650; x_wconf 74' lang='lat' dir='ltr'>cl-bone</span> <span class='ocrx_word' id='word_1_232' title='bbox 739 3578 965 3656; x_wconf 83' lang='lat' dir='ltr'>consequentia:</span> <span class='ocrx_word' id='word_1_233' title='bbox 987 3576 1170 3654; x_wconf 83' lang='lat' dir='ltr'>b)-veritas</span> <span class='ocrx_word' id='word_1_234' title='bbox 1192 3589 1305 3639; x_wconf 83' lang='lat' dir='ltr'>antece-</span> 
     </span>
     <span class='ocr_line' id='line_1_33' title="bbox 204 3672 1304 3752; baseline 0.002 -20"><span class='ocrx_word' id='word_1_235' title='bbox 204 3673 301 3733; x_wconf 88' lang='lat' dir='ltr'>dentis</span> <span class='ocrx_word' id='word_1_236' title='bbox 325 3684 355 3734; x_wconf 88' lang='lat' dir='ltr'>ct</span> <span class='ocrx_word' id='word_1_237' title='bbox 382 3675 594 3752; x_wconf 82' lang='lat' dir='ltr'>consequentis.</span> <span class='ocrx_word' id='word_1_238' title='bbox 636 3672 868 3736; x_wconf 78' lang='lat' dir='ltr'>Secundo-Ut</span> <span class='ocrx_word' id='word_1_239' title='bbox 892 3685 992 3734; x_wconf 83' lang='lat' dir='ltr'>sutem</span> <span class='ocrx_word' id='word_1_240' title='bbox 1017 3695 1089 3735; x_wconf 84' lang='lat' dir='ltr'>vera</span> <span class='ocrx_word' id='word_1_241' title='bbox 1111 3675 1149 3735; x_wconf 91' lang='lat' dir='ltr'>sit</span> <span class='ocrx_word' id='word_1_242' title='bbox 1173 3677 1304 3747; x_wconf 65' lang='lat' dir='ltr'>erluidis,</span> 
     </span>
     <span class='ocr_line' id='line_1_34' title="bbox 206 3769 1306 3850; baseline 0.002 -20"><span class='ocrx_word' id='word_1_243' title='bbox 206 3779 322 3848; x_wconf 83' lang='lat' dir='ltr'>praeter</span> <span class='ocrx_word' id='word_1_244' title='bbox 332 3771 405 3830; x_wconf 80' lang='lat' dir='ltr'>hoec</span> <span class='ocrx_word' id='word_1_245' title='bbox 419 3769 488 3843; x_wconf 92' lang='lat' dir='ltr'>duo,</span> <span class='ocrx_word' id='word_1_246' title='bbox 503 3771 665 3849; x_wconf 89' lang='lat' dir='ltr'>requiritur</span> <span class='ocrx_word' id='word_1_247' title='bbox 679 3771 799 3850; x_wconf 87' lang='lat' dir='ltr'>insuper</span> <span class='ocrx_word' id='word_1_248' title='bbox 813 3771 918 3849; x_wconf 87' lang='lat' dir='ltr'>o)-ut</span> <span class='ocrx_word' id='word_1_249' title='bbox 931 3772 962 3830; x_wconf 90' lang='lat' dir='ltr'>in</span> <span class='ocrx_word' id='word_1_250' title='bbox 976 3771 1167 3832; x_wconf 78' lang='lat' dir='ltr'>antecedente</span> <span class='ocrx_word' id='word_1_251' title='bbox 1181 3773 1219 3832; x_wconf 85' lang='lat' dir='ltr'>eit</span> <span class='ocrx_word' id='word_1_252' title='bbox 1233 3793 1306 3832; x_wconf 82' lang='lat' dir='ltr'>vera</span> 
     </span>
     <span class='ocr_line' id='line_1_35' title="bbox 203 3867 1304 3948; baseline 0.003 -23"><span class='ocrx_word' id='word_1_253' title='bbox 203 3887 294 3926; x_wconf 83' lang='lat' dir='ltr'>censa</span> <span class='ocrx_word' id='word_1_254' title='bbox 322 3867 532 3946; x_wconf 86' lang='lat' dir='ltr'>consequentis.</span> <span class='ocrx_word' id='word_1_255' title='bbox 576 3867 780 3944; x_wconf 77' lang='lat' dir='ltr'>Quamobrem</span> <span class='ocrx_word' id='word_1_256' title='bbox 803 3867 958 3928; x_wconf 83' lang='lat' dir='ltr'>rationalis</span> <span class='ocrx_word' id='word_1_257' title='bbox 984 3888 1035 3928; x_wconf 87' lang='lat' dir='ltr'>seu</span> <span class='ocrx_word' id='word_1_258' title='bbox 1058 3869 1166 3928; x_wconf 76' lang='lat' dir='ltr'>idntion</span> <span class='ocrx_word' id='word_1_259' title='bbox 1189 3890 1304 3948; x_wconf 77' lang='lat' dir='ltr'>semper</span> 
     </span>
     <span class='ocr_line' id='line_1_36' title="bbox 205 3963 1257 4044; baseline 0.002 -22"><span class='ocrx_word' id='word_1_260' title='bbox 205 3965 337 4023; x_wconf 85' lang='lat' dir='ltr'>converti</span> <span class='ocrx_word' id='word_1_261' title='bbox 354 3974 450 4043; x_wconf 81' lang='lat' dir='ltr'>potest</span> <span class='ocrx_word' id='word_1_262' title='bbox 464 3965 494 4024; x_wconf 90' lang='lat' dir='ltr'>in</span> <span class='ocrx_word' id='word_1_263' title='bbox 509 3963 750 4034; x_wconf 59' lang='lat' dir='ltr'>conditionalem</span> <span class='ocrx_word' id='word_1_264' title='bbox 771 3974 803 4025; x_wconf 87' lang='lat' dir='ltr'>at</span> <span class='ocrx_word' id='word_1_265' title='bbox 818 3984 877 4024; x_wconf 89' lang='lat' dir='ltr'>non</span> <span class='ocrx_word' id='word_1_266' title='bbox 891 3984 1007 4044; x_wconf 86' lang='lat' dir='ltr'>semper</span> <span class='ocrx_word' id='word_1_267' title='bbox 1020 3965 1050 4023; x_wconf 87' lang='lat' dir='ltr'>in</span> <span class='ocrx_word' id='word_1_268' title='bbox 1065 3966 1257 4025; x_wconf 75' lang='lat' dir='ltr'>normalem.-</span> 
     </span>
    </p>
   </div>
   <div class='ocr_carea' id='block_1_3' title="bbox 0 0 1684 4952">
    <p class='ocr_par' dir='ltr' id='par_1_8' title="bbox 0 0 1684 4952">
     <span class='ocr_line' id='line_1_37' title="bbox 0 0 1684 4952; baseline 0 1"><span class='ocrx_word' id='word_1_269' title='bbox 0 0 1684 4952; x_wconf 95' lang='lat' dir='ltr'> </span> 
     </span>
    </p>
   </div>
  </div>
 </body>
</html>
