3172 4950
304 448 342 508 50
800 447 919 528 Lupum,

303 643 384 702 'lulis
397 657 441 704 est
462 645 585 704 scientia
610 666 636 704 v.
651 667 679 722 g.
694 665 771 722 quiae
793 644 912 722 quidem
939 645 1014 703 inest
1035 645 1164 704 animno.
1179 658 1212 702 ut
1235 663 1288 722 per
1301 641 1395 722 ipsam

257 783 259 788 ,
302 743 403 800 noima
417 741 566 820 intelligat
579 761 683 801 causas
697 761 812 812 rerum;
835 740 1030 800 nihilominus
1051 743 1191 800 scientias
1217 755 1325 800 natura
1340 760 1400 798 non

305 851 347 900 test
364 840 524 916 praecipue
546 839 585 898 ad
600 838 694 909 aliud,
708 838 759 898 sed
773 839 871 917 potins
886 837 915 896 in
932 859 966 897 eo
980 839 1122 910 consistit,
1136 838 1215 916 quod
1232 839 1326 916 ipsam
1342 837 1406 895 ani·

304 960 381 997 mam
405 939 550 1017 hujusque
573 937 784 997 intellectivam
808 935 982 996 laenitatem
1008 937 1139 1013 perficiat
1164 949 1191 994 ot
1216 935 1355 1014 disputat
1371 937 1399 992 iu

303 1057 347 1104 re;
364 1037 441 1095 idem
456 1033 625 1095 diodealiis
640 1034 793 1094 habitibus
807 1047 836 1092 et
845 1034 992 1112 potentiis.
1030 1033 1114 1092 Haeo
1126 1035 1292 1092 arridentia
1303 1033 1406 1090 dieun-

303 1149 351 1190 tur
368 1133 491 1192 relatiua
507 1131 663 1191 renaudum
677 1132 745 1199 uia
762 1129 806 1190 vel
831 1132 920 1190 otium
938 1131 1113 1206 (suffundnm
1130 1131 1245 1207 aliquos
1259 1141 1404 1189 aristone.

307 1245 338 1288 ιιι
355 1230 454 1288 vidore
468 1243 511 1296 out
524 1229 604 1307 apud
620 1229 739 1294 Suarez,
755 1229 794 1287 l).
813 1229 852 1286 M.
869 1231 915 1288 tt.
931 1253 952 1288 s,
970 1229 1012 1301 3.)
1027 1229 1154 1287 rolutiru
1176 1228 1407 1287 trauandan-

304 1327 368 1384 liter
379 1349 387 1394 ;
403 1328 474 1402 quia
486 1324 654 1404 hujusmodi
668 1325 772 1399 relatio
784 1325 937 1384 invonitur
947 1327 977 1382 iu
987 1326 1126 1383 omnibus
1136 1325 1263 1396 entibus,
1276 1345 1401 1402 quorum

300 1423 546 1500 unumquodque,
561 1414 676 1482 tametsi
703 1422 853 1500 propriam
876 1433 905 1480 at
928 1423 1084 1480 ‹thurrlulom
1110 1422 1265 1480 stultitam
1283 1421 1401 1480 lrabeat.

304 1521 475 1580 ›erruulurio
490 1535 587 1580 tamen
603 1520 677 1579 dicit
699 1519 832 1578 ordinem
848 1519 886 1578 ad
902 1519 1015 1597 aliquid
1032 1519 1124 1587 uliud,
1140 1519 1177 1577 ad
1194 1519 1272 1596 quod
1288 1539 1405 1596 compu-

306 1633 389 1680 rutur
404 1619 450 1680 vel
467 1635 620 1696 tamquam
635 1639 723 1684 mum
737 1617 774 1676 ad
791 1615 927 1694 effmum,
943 1616 989 1674 vel
1006 1625 1159 1693 tamquam
1175 1623 1264 1674 totum
1277 1615 1315 1674 ad
1335 1635 1405 1692 pur-

307 1707 368 1788 tem,
385 1717 429 1775 vol
456 1735 609 1793 tamquam
633 1714 793 1774 tribulantia
815 1713 854 1773 ad
878 1714 1008 1772 ouoz'dena
1022 1725 1052 1772 et
1065 1733 1082 1771 e
1095 1733 1243 1772 eonverso.
1287 1711 1337 1770 Ex
1360 1711 1407 1770 his

307 1813 499 1874 relationibus
515 1812 631 1871 bonitas
645 1832 680 1871 ao
698 1811 837 1889 perfectio
852 1811 981 1870 universi
1000 1810 1184 1888 potissimum
1199 1809 1356 1880 enascitur,
1373 1827 1404 1866 ιιι

308 1912 336 1970 in
354 1909 563 1986 Metaplrpsioa
577 1909 671 1966 l'usius
685 1907 1027 1985 explicabimus-Alia
1042 1927 1113 1966 varo
1128 1889 1296 1965 amridontia
1311 1905 1409 1964 relati-

210 2035 214 2050 ·
308 2011 370 2068 tiva
390 2020 468 2080 sunt,
483 2027 559 2086 quae
581 2006 622 2066 sio
646 2005 810 2084 subjeetum
836 2004 977 2064 ordinant
999 2005 1038 2064 od
1061 2003 1154 2074 aliud,
1169 2015 1203 2062 ut
1223 2023 1325 2063 eorum
1350 2009 1407 2060 totu

308 2114 415 2164 ruitura
428 2107 467 2163 sit
488 2103 604 2162 allicere
617 2113 647 2162 et
661 2101 800 2162 ordinare
820 2101 984 2179 subjeetum
1000 2100 1039 2160 ad
1062 2100 1164 2168 aliud;
1187 2121 1214 2159 v.
1229 2121 1256 2178 g.
1273 2099 1407 2158 Paterni-

308 2215 361 2271 tas,
377 2202 510 2272 Filiatio,
521 2199 693 2260 Similitudo
704 2208 758 2258 ete:
773 2209 863 2276 atque
877 2197 950 2257 haer
965 2198 1106 2256 dicuntur
1119 2198 1240 2255 relatiua
1250 2195 1405 2256 tantudem

308 2321 371 2368 asae,
386 2317 480 2376 eaque
503 2296 620 2374 respicit
645 2295 751 2354 relatio
773 2292 1062 2372 praedicamentalis,
1077 2293 1114 2351 de
1136 2313 1196 2369 qua
1211 2293 1259 2352 hic
1282 2291 1407 2372 agimus.

309 2397 369 2466 (Of.
385 2398 502 2454 Suarez.
519 2393 557 2452 D.
574 2393 616 2452 M.
633 2395 680 2454 47.
695 2411 730 2452 ss.
746 2395 773 2451 4.
789 2392 832 2468 5.)

350 2493 435 2552 Haeo
449 2503 549 2552 autam
571 2490 697 2550 relativa
710 2489 865 2549 secuudum
880 2510 936 2548 aare
949 2487 1109 2566 dupliciter
1128 2497 1295 2546 sumuntur.
1337 2483 1411 2545 Udo

311 2591 396 2650 modo
413 2603 445 2650 ut
459 2603 529 2648 sunt.
553 2590 586 2647 ia
607 2589 679 2665 ipsiu
698 2587 804 2646 rebus:
825 2595 925 2664 atque,
940 2585 983 2644 ita
996 2596 1127 2664 accepta,
1143 2585 1285 2643 dicuntur
1298 2582 1339 2641 ud
1354 2583 1409 2640 ali-

308 2688 386 2766 quid.
431 2686 536 2745 Altero
559 2683 655 2756 modo,
670 2695 704 2743 ut
726 2705 745 2742 a
766 2683 850 2742 uobis
871 2689 1086 2759 murmuratur,
1108 2703 1155 2740 so:
1179 2681 1299 2758 ‹prando
1314 2700 1407 2740 unum

308 2783 473 2862 subjectum
497 2782 536 2840 ad
562 2781 645 2841 aliud
674 2799 898 2858 comparamus:
930 2790 1020 2858 atqrm
1048 2781 1090 2838 ita
1119 2780 1238 2858 proprie
1267 2779 1410 2838 dicuntur

311 2879 494 2940 Relationem
516 2878 588 2955 quia
611 2875 780 2937 intellectus
804 2895 898 2935 unum
914 2875 951 2935 ad
977 2875 1104 2935 alterurn
1121 2875 1235 2934 confert
1249 2895 1297 2933 seu
1313 2873 1409 2950 refert.

309 2977 485 3056 Saepissime
500 2987 600 3036 tamen
614 2975 670 3034 lroo
682 2993 790 3034 nornen
806 2983 968 3051 usurpatur
981 2972 1019 3032 ad
1034 2972 1089 3031 illa
1102 2971 1308 3050 significanda,
1320 2989 1407 3049 [nour

311 3075 424 3133 suntin
449 3072 552 3138 rebus:
576 3081 665 3149 prout
678 3091 748 3130 vero
771 3073 841 3128 sunt
864 3069 893 3128 in
909 3068 1062 3128 intellectu
1086 3068 1228 3126 dicuntur
1242 3067 1412 3126 mationa

314 3173 474 3232 irdeILetdoe.

352 3270 401 3328 Ex
417 3269 503 3328 diutis
518 3266 665 3345 intelliges
679 3264 826 3344 quaedam
841 3263 1008 3325 accidentia
1020 3283 1078 3323 non
1089 3263 1148 3322 dioi
1164 3262 1301 3334 relativa,
1316 3282 1411 3340 nequo

311 3367 463 3426 orandum
479 3387 543 3434 asae,
559 3383 653 3442 neque
666 3361 822 3424 secuudum
845 3361 912 3434 diei,
927 3383 980 3440 per
1002 3371 1166 3440 respectum
1181 3360 1219 3420 ad
1235 3359 1410 3439 subjecturum,

312 3467 358 3524 oni
374 3466 482 3524 insunt.
526 3462 605 3522 Nam
621 3463 652 3520 iu
667 3461 722 3520 tali
737 3461 892 3540 hypothesi
904 3459 1005 3520 omnia
1025 3457 1191 3518 accidentia
1205 3467 1300 3518 essent
1314 3456 1412 3516 relati-

313 3587 369 3636 va;
384 3564 463 3642 quod
475 3561 611 3640 equidem
624 3560 683 3620 diei
698 3559 810 3638 nequit
852 3558 910 3618 Sed
921 3558 1063 3618 dicuntur
1074 3556 1202 3615 relativa
1213 3553 1408 3632 perordinem

312 3661 351 3720 ud
372 3660 525 3720 terruiuum
550 3657 588 3716 ad
612 3676 699 3733 quem
723 3654 865 3714 ordinant
886 3654 1060 3732 subjtmtnm.
1104 3651 1291 3729 Proindeque
1316 3649 1409 3709 multu

312 3771 382 3822 eunt
396 3757 571 3826 accidentia,
586 3773 662 3833 quae
686 3775 745 3812 non
767 3763 845 3825 stunt,
861 3773 913 3812 ner
938 3751 995 3811 diri
1022 3762 1143 3829 posunt
1167 3748 1303 3818 relativa,
1318 3767 1414 3824 nequo

312 3857 465 3919 renaudum
494 3875 558 3926 esse,
584 3872 678 3930 neque
704 3851 860 3911 sectandum
887 3849 965 3908 diei:
986 3847 1131 3927 siquidem
1160 3845 1324 3924 subjectum
1353 3864 1411 3902 non

313 3955 454 4015 ordinant
469 3953 507 4013 ad
523 3951 607 4012 aliud
629 3961 716 4010 extra
730 3951 836 4028 ipsum.
878 3947 924 4008 cf.
939 3947 967 4006 S.
983 3947 1138 4006 Thomam.
1155 3943 1179 4004 Ι.
1195 3965 1222 4024 p.
1238 3965 1265 4023 q.
1283 3945 1329 4004 28.
1344 3964 1363 4003 a
1378 3943 1413 4003 ,2.

354 4052 399 4112 67.
442 4050 579 4110 Secundo
600 4045 818 4107 observandum
834 4043 1014 4105 est-Haeo
1029 4053 1072 4102 est
1086 4050 1196 4101 natura
1210 4059 1322 4110 eorum,
1337 4059 1413 4117 quau

313 4146 434 4206 suntad
447 4143 572 4223 aliquid,
588 4155 621 4203 ut
635 4161 797 4220 numquam
814 4141 906 4201 insint
919 4140 1059 4219 aurulenta,
1074 4139 1130 4198 nisi
1146 4137 1296 4197 mediante
1311 4136 1413 4214 aliquo

314 4245 467 4306 mudena
493 4240 640 4314 absoluto,
668 4247 698 4299 et
724 4238 813 4299 simul
841 4239 1021 4298 coexistente
1049 4236 1109 4296 alio
1138 4236 1168 4294 in
1201 4233 1280 4312 quod
1309 4232 1416 4292 relatio

313 4340 497 4402 terminatur.
549 4336 753 4413 Quamobrem
776 4335 815 4395 ad
838 4334 1026 4396 existentiam
1052 4332 1172 4394 relativi
1208 4332 1267 4391 tria
1288 4349 1416 4390 neeessa-
