3358 4952
445 433 488 492 96·
942 433 1060 512 Lupus.

480 629 713 692 Secundo-Ec
734 651 830 703 sensu,
843 653 924 712 quem
939 631 1065 692 fiendum
1079 619 1264 692 conemurtiter
1279 631 1401 710 affipuut
1414 632 1477 690 uoci
1484 652 1494 699 ,·
1508 639 1541 689 ut

443 747 469 787 v.
484 748 512 806 g.
526 728 551 788 si
565 729 663 790 dicus:
686 729 824 790 “nomine
840 730 963 808 plautae
977 728 1157 808 intelligitur
1170 749 1277 808 corpus
1290 728 1464 808 organicum
1479 727 1540 788 sols

443 825 552 886 virtute
566 825 725 904 vegetandi
741 826 937 905 praedium.”
1046 866 1051 882 ,

481 922 678 984 Tertio-Ec
701 945 794 996 censu,
809 945 889 1004 quern
904 925 964 1002 ipsc
985 925 1100 1003 liquens
1114 924 1144 982 in
1159 922 1341 1002 disputando
1355 943 1423 982 cum
1439 922 1542 982 aduer-

441 1021 527 1093 sario,
542 1021 633 1100 afflpit
646 1023 714 1094 voci,
728 1021 890 1082 dummodo
906 1031 1005 1082 tamen
1021 1021 1051 1080 id
1068 1041 1144 1093 raro,
1160 1031 1246 1081 caute
1260 1030 1290 1081 ct
1304 1041 1341 1080 ex
1366 1017 1540 1079 rationabili

442 1135 532 1180 ceusu
546 1117 608 1180 fiat
649 1117 699 1178 Sic
713 1139 742 1178 v.
756 1139 784 1196 g.
799 1117 823 1177 si
837 1117 946 1196 aliquis
961 1117 1116 1196 disputans
1130 1138 1197 1176 oum
1214 1115 1418 1189 materialium,
1433 1125 1540 1176 exorte

443 1215 644 1276 controversia
656 1215 736 1275 circa
756 1214 1000 1293 significationem
1015 1215 1094 1274 vocis
1108 1214 1236 1293 Spiritus
1249 1215 1378 1274 diceret:
1402 1213 1540 1272 “nomine

444 1310 569 1388 pirum,
585 1311 729 1391 intelligo,
744 1311 959 1390 “Principium,
974 1311 1053 1391 quod
1076 1311 1104 1370 in
1122 1331 1168 1370 me
1190 1312 1282 1372 sentit
1301 1320 1330 1370 et
1353 1309 1496 1387 intelligit
1510 1319 1540 1368 et

445 1406 536 1468 vult.'’
579 1407 673 1484 Quod
692 1409 716 1468 si
739 1409 928 1470 sdversarius
956 1410 1034 1469 hanc
1058 1409 1187 1488 recipere
1208 1408 1302 1469 nollet
1329 1405 1541 1478 definitionem,

443 1503 498 1581 ipsi
512 1513 586 1563 esset
599 1504 781 1566 declaranda
792 1516 822 1565 et
837 1505 1000 1584 probanda,
1010 1527 1047 1566 ne
1056 1506 1204 1567 inutiliter
1217 1516 1334 1585 tempus
1342 1515 1373 1565 et
1386 1525 1542 1584 argumen-

442 1614 474 1660 ta
488 1611 630 1662 terantur.

484 1795 568 1857 Druo
595 1796 820 1878 II.-Defim'tio
845 1798 903 1858 Rei
927 1805 965 1858 eet
987 1799 1030 1857 uel
1059 1755 1238 1876 descriptiva,
1263 1797 1306 1856 uel
1337 1795 1477 1867 Cannutio,
1500 1795 1542 1854 ecl

448 1893 661 1956 emendis.—

485 2087 552 2147 124.
594 2086 777 2150 Declaratur
798 2087 1012 2150 assertio-Et
1027 2089 1052 2148 1.
1068 2087 1187 2167 quidem
1204 2086 1348 2147 Definitio
1362 2083 1540 2163 damnifica,

445 2193 517 2242 teste
526 2182 697 2258 Aristotele,
712 2189 774 2245 “cst
787 2185 892 2257 oratio,
906 2205 983 2264 quae
997 2184 1073 2264 prod
1087 2183 1159 2264 quid
1172 2191 1211 2244 cet
1226 2183 1258 2262 (i.
1273 2204 1297 2243 e.
1312 2181 1483 2256 essentiam)
1499 2181 1539 2240 rei

448 2301 505 2340 non
528 2281 685 2361 significat,
699 2284 753 2343 ccli
774 2293 874 2344 autem
891 2287 969 2357 inest,
984 2295 1013 2345 et
1035 2286 1187 2344 conversim
1211 2283 1247 2344 de
1269 2303 1300 2343 re
1322 2281 1538 2363 praedicetur.”

443 2374 492 2436 sie
516 2375 656 2438 describis
680 2379 840 2452 hominem,
864 2401 938 2440 cum
955 2379 1045 2440 dieis:
1067 2379 1176 2440 “homo
1197 2389 1241 2440 est
1263 2378 1375 2439 animal
1400 2377 1537 2438 risibile”

446 2471 531 2536 Haec
545 2493 674 2553 nemque
688 2476 792 2546 oratio,
807 2477 989 2556 qunmqricm
1004 2497 1073 2538 cum
1088 2476 1208 2536 homine
1222 2476 1429 2555 reciprocetur,
1441 2486 1539 2535 temen

446 2590 502 2630 uon
516 2570 665 2650 signifieat
682 2571 814 2632 hominis
835 2573 1007 2633 essentiam:
1030 2593 1099 2632 nam
1115 2571 1225 2632 reicit
1240 2593 1299 2632 non
1313 2583 1356 2633 est
1379 2571 1541 2632 constituti·

446 2687 515 2726 rum
539 2669 682 2728 essentiae
704 2669 747 2747 (n.
763 2669 836 2744 41.),
851 2670 964 2729 urtimul
984 2680 1094 2741 cutem,
1108 2669 1246 2748 quumvis
1260 2669 1299 2729 sit
1313 2667 1538 2729 constitutivum

444 2763 595 2848 resentise,
610 2785 667 2824 non
684 2765 889 2844 reciprocatur*
900 2779 999 2825 tumen
1016 2787 1083 2826 cum
1101 2765 1228 2825 homine.

486 2861 571 2924 Haec
594 2862 727 2924 delinitio
752 2875 878 2936 constat,
894 2875 927 2924 ut
949 2873 1082 2924 caeterae
1103 2862 1297 2932 definitiones,
1312 2860 1424 2938 duplici
1448 2871 1541 2939 perte,

445 2979 572 3038 querum
588 2960 684 3038 prima
698 2970 779 3021 tenet
794 2961 884 3020 tumim
905 2962 1018 3039 perieris
1031 2971 1061 3020 et
1074 2959 1216 3038 exprimit
1232 2958 1271 3032 id,
1287 2957 1366 3037 quod
1382 2978 1427 3016 rer
1440 2955 1540 3016 defini·

445 3055 522 3116 ends
543 3076 610 3116 cum
633 3056 701 3118 eliis
723 3057 810 3119 rebus
832 3077 989 3118 commune
1012 3057 1112 3128 hebet,
1125 3057 1221 3128 ultera
1243 3066 1324 3116 tenet
1346 3055 1436 3114 tocurn
1458 3053 1543 3113 uduti

446 3151 626 3230 ctiffercott'uc
647 3165 677 3214 et
698 3155 842 3233 exprimit
866 3155 906 3228 id,
921 3175 980 3234 quo
1004 3175 1049 3214 res
1074 3154 1112 3215 eb
1137 3153 1204 3214 aliis
1226 3153 1465 3213 discriminatur:
1487 3151 1543 3210 hoc

446 3259 544 3313 autem
560 3260 604 3312 est
617 3249 831 3329 velproprium
845 3252 894 3312 rei.
917 3253 959 3330 (n.
975 3251 1037 3330 45.)
1054 3250 1108 3314 vel.
1116 3251 1237 3312 collectio
1251 3249 1543 3327 tercentumque

445 3347 514 3410 licet
531 3350 646 3408 mrim
669 3348 807 3428 inspecte.
823 3349 941 3428 possint.
957 3348 1023 3410 eliis
1045 3348 1135 3410 rebus
1154 3348 1321 3420 convenire,
1335 3347 1423 3406 circui
1443 3355 1542 3406 umen

445 3455 564 3524 sumpts
578 3466 636 3506 non
661 3447 715 3506 nisi
738 3448 814 3506 inre
836 3447 1004 3507 definienda
1027 3446 1061 3506 de
1076 3447 1156 3524 sarto
1179 3445 1380 3505 inveniuntur.
1423 3441 1544 3501 Exinde

448 3542 528 3603 vides
553 3563 606 3602 cur
628 3541 798 3622 hujusmodi
822 3543 965 3604 Definitio
987 3542 1106 3602 dicotur
1134 3543 1173 3602 alr
1197 3540 1360 3601 Aristotele
1382 3539 1542 3616 ‹icen-iptio,

450 3641 614 3719 Proprium,
637 3641 834 3720 conjunctione
856 3663 936 3700 unu:
958 3639 1080 3700 Dicitur
1102 3639 1272 3718 descriptio:
1294 3639 1365 3717 quie
1387 3636 1541 3698 essentium

447 3739 488 3800 rei
502 3757 561 3798 non
576 3737 697 3798 omnino
711 3736 851 3816 explicat,
865 3735 916 3796 sed
931 3736 1034 3816 primis
1049 3735 1142 3795 veluti
1165 3733 1352 3794 lineamentis
1373 3732 1543 3793 adumbrat.

450 3833 568 3894 Dicitur
582 3833 757 3911 Proprium:
772 3833 914 3912 quiahoc
929 3853 1022 3892 unum
1038 3853 1106 3892 cum
1122 3851 1192 3891 vera
1206 3829 1377 3890 delinitione
1393 3827 1545 3906 (essentia-

448 3930 468 3989 li
493 3929 565 4005 sc:)·
580 3949 736 3990 commune
760 3929 860 4002 hebet,
883 3939 917 3988 ut
940 3929 985 3990 sit,
1003 3928 1123 4007 propria
1148 3927 1199 4000 rei,
1222 3937 1311 4004 etque
1335 3925 1400 3986 ideo
1425 3945 1491 3984 euni
1516 3945 1545 3984 re

448 4037 647 4090 convertetur.
690 4027 811 4088 Dicitur
824 4028 1024 4106 corp-unctione
1038 4047 1118 4086 unu:
1132 4025 1204 4104 quie
1218 4045 1276 4083 non
1292 4021 1440 4102 significet
1456 4041 1544 4080 unam

451 4135 588 4188 naturum
605 4127 653 4202 (ut
674 4123 808 4186 definitio
832 4122 1009 4200 essentialis)
1025 4121 1076 4182 sed
1100 4122 1196 4181 multu
1220 4119 1250 4179 in
1274 4131 1467 4180 nosnatura
1481 4137 1546 4178 cou-

443 4223 562 4302 junctu.
600 4220 731 4300 Golligcs
747 4221 836 4282 etiem
859 4219 1061 4280 definitionem
1078 4239 1135 4296 per
1154 4217 1309 4296 proprium
1326 4217 1467 4294 potiorem
1488 4233 1547 4274 csse
1633 4221 1637 4236 '

449 4319 511 4394 illu,
525 4339 602 4398 qunc
623 4317 656 4380 fit
672 4319 920 4398 pcuaccidcutiu:
942 4327 1102 4394 utrumque
1116 4327 1217 4376 tamem
1231 4334 1292 4374 esse
1305 4311 1546 4391 irupcrswtoot-
