3138 4956
350 433 409 493 304
850 433 969 512 mesa.

352 625 447 685 alium
462 627 501 686 ad
515 627 670 688 scientiam
692 627 863 706 ignotorum
884 625 1006 685 deducit
1020 624 1202 697 inveniendo,
1216 623 1294 685 sicut
1306 625 1331 684 si
1346 623 1458 704 aliquis

349 721 471 783 deducit
484 724 613 802 seipsum
630 723 875 802 incognitionem
898 721 1000 800 ignoti.
1043 721 1201 782 Procsssus
1214 731 1315 782 autem
1332 722 1457 781 rationis

352 819 551 896 provenientis
565 821 605 880 ad
625 819 825 900 cognitionem
840 819 934 898 ignoti
950 821 983 878 ia
997 817 1170 878 inveniendo
1184 827 1237 887 est,
1253 829 1287 878 ut
1308 817 1456 897 principia

352 917 522 977 communia
541 927 725 996 persecuta
740 915 871 996 applicet
896 914 937 974 ad
958 914 1162 974 determinatas
1181 917 1328 986 materias,
1341 925 1373 974 et
1387 915 1456 974 inde

351 1013 493 1092 procedat
507 1015 537 1073 in
553 1015 670 1093 aliquas
691 1013 887 1094 particulares
910 1012 1121 1084 conclusiones,
1135 1021 1165 1072 et
1185 1032 1225 1072 ex
1249 1012 1296 1072 his
1318 1013 1456 1080 inultas:

353 1111 431 1172 unde
445 1123 475 1171 et
488 1112 652 1172 secundum
669 1112 734 1184 hoc,
748 1131 827 1171 uuus
841 1111 931 1170 alium
946 1109 1045 1170 docem
1059 1110 1179 1183 (licitur,
1193 1109 1275 1189 qnod
1297 1111 1385 1171 istum
1400 1111 1457 1171 dis

350 1227 468 1268 cursum
482 1208 614 1280 rationis,
624 1227 712 1287 quem
722 1210 755 1268 in.
765 1229 794 1268 se
806 1207 879 1267 facit
890 1207 1005 1266 rationo
1018 1205 1160 1277 naturali,
1172 1205 1258 1265 alteri
1268 1207 1394 1285 exponit
1404 1226 1456 1285 pcr

354 1305 451 1383 sigua,
461 1317 492 1365 et
505 1304 547 1365 sic
562 1305 639 1366 ratio
652 1305 799 1365 naturalis
814 1303 953 1383 discipuli
969 1323 1021 1382 per
1036 1303 1206 1382 hujusmodi
1220 1303 1278 1364 sibi
1294 1303 1454 1382 proposita,

349 1402 427 1462 sicut
438 1422 490 1480 per
500 1401 647 1481 quaedam
658 1401 864 1472 instrumenta,
873 1400 1010 1479 pervenit
1020 1399 1051 1459 in
1063 1399 1262 1478 cognitionem
1276 1399 1454 1478 ignotorum

349 1497 434 1558 Sicut
447 1519 518 1576 crgo
532 1498 665 1558 medicus
675 1497 786 1557 dicitur
799 1517 919 1556 curuare
928 1499 1081 1556 saraitatem
1092 1496 1122 1554 in
1134 1495 1264 1568 infirmo,
1272 1503 1454 1574 traturaape-

349 1599 432 1653 rante
440 1615 451 1664 ,⁰
471 1594 515 1654 ita
529 1595 620 1654 etiam
636 1593 725 1655 homo
739 1594 850 1654 dicitur
864 1614 983 1654 caenare
996 1595 1145 1653 scientiam
1158 1594 1189 1653 in
1204 1592 1275 1666 alio,
1290 1597 1454 1672 operativae

349 1692 472 1750 rationis
493 1691 638 1750 naturalis
662 1691 762 1760 illim·
794 1700 824 1752 et
847 1690 902 1750 hoc
925 1701 969 1750 ast
993 1690 1102 1750 docem.
1144 1689 1236 1751 Unde
1261 1711 1339 1750 unus
1363 1689 1453 1750 homo

350 1787 443 1848 ulium
468 1789 574 1849 dcccco
598 1787 717 1860 dicitur,
731 1797 761 1848 et
783 1789 845 1867 ejus
868 1808 928 1848 esse
954 1785 1119 1866 nitigistcr.'
1144 1787 1187 1848 Et:
1209 1789 1374 1848 secuudum
1398 1789 1453 1848 lmc

350 1885 422 1945 dicit
433 1884 633 1964 Philosophus
644 1886 685 1962 (1.
696 1884 912 1962 Posteriorum)
926 1885 1005 1964 quod
1017 1885 1232 1946 demonstratio
1242 1897 1294 1946 ost:
1311 1885 1452 1965 “ayllapis-

350 2003 411 2042 mus
430 1983 538 2056 taciens
551 1984 630 2042 scire.

389 2079 440 2139 “Si
455 2088 556 2138 autem
570 2079 680 2158 aliquis
695 2079 787 2156 alicui
810 2089 959 2159 proponat
979 2099 1025 2152 ea,
1040 2099 1117 2158 quae
1131 2079 1162 2138 iu
1178 2079 1335 2158 principiis
1355 2098 1413 2156 per
1425 2099 1454 2138 se

351 2175 428 2235 notis
442 2195 501 2236 non
517 2175 786 2248 includuntur,ch
809 2176 923 2236 includi
938 2197 997 2235 non
1020 2177 1268 2248 manifestantur;
1291 2197 1349 2236 uon
1365 2175 1453 2237 saciet

350 2277 379 2336 in
394 2296 430 2336 eo
443 2278 600 2347 scierrtiam,
615 2275 666 2336 sed
680 2275 757 2336 forto
771 2278 945 2354 opiniones,
957 2275 1003 2335 vel
1012 2275 1123 2354 fideuu
1138 2276 1277 2354 quamvis
1291 2275 1382 2336 etiam
1398 2275 1453 2334 hoc
1542 2297 1543 2308 ¹

350 2372 451 2452 aliquo
466 2373 554 2433 modo
568 2393 606 2433 ex
621 2373 776 2452 principiis
791 2374 902 2434 innatis
914 2385 1060 2434 causetur.
1103 2373 1152 2432 Ex
1169 2373 1240 2452 ipsis
1250 2374 1329 2432 enim
1346 2372 1452 2451 princi·

351 2471 406 2548 piis
422 2491 478 2549 per
491 2491 520 2531 se
542 2471 619 2532 notis
633 2471 801 2532 considerat
821 2470 901 2550 quod
922 2491 968 2542 ca,
983 2489 1060 2549 quae
1074 2491 1111 2530 ex
1134 2469 1170 2530 iis
1184 2470 1343 2530 necessario
1356 2489 1453 2529 conse·

350 2579 492 2645 quantur,
506 2580 577 2630 sunt
590 2569 832 2630 certitudiunliter
853 2569 981 2630 tenenda
993 2590 1001 2641 ;
1022 2589 1099 2648 quae
1114 2589 1184 2629 vcro
1198 2579 1269 2629 sunt
1289 2571 1330 2629 eis
1343 2575 1453 2629 contra-

349 2665 396 2722 ria
417 2666 549 2738 totaliter,
564 2665 746 2745 respuenda;
768 2665 836 2726 aliis
850 2677 950 2726 autem
971 2685 1121 2726 assensum
1138 2665 1280 2744 praebere
1292 2672 1390 2743 potest,
1405 2665 1450 2724 vel

350 2781 417 2822 iton.

390 2857 593 2937 “Hujusmodi
604 2870 703 2919 autem
717 2858 841 2918 rationis
853 2858 964 2930 lumen,
973 2879 1032 2937 quo
1043 2857 1192 2936 principia
1203 2857 1374 2936 hujusmodi
1384 2867 1452 2918 sunt

351 2953 434 3014 nobis
456 2964 536 3025 nota,
551 2965 595 3014 est
620 2954 706 3014 nobis
721 2975 739 3012 a
763 2953 827 3013 Deo
851 2953 990 3026 inditum,
1004 2955 1088 3032 quasi
1113 2953 1261 3032 quaedam
1287 2953 1452 3014 similitudo

350 3051 498 3108 increatae
510 3050 643 3110 veritatis
658 3050 687 3108 in
704 3049 790 3109 nobis
801 3049 980 3110 resultantis.
1024 3049 1114 3111 Unde
1124 3069 1192 3109 cum
1205 3051 1302 3110 omnis
1316 3049 1451 3110 doctriua

351 3147 482 3206 humana
496 3145 657 3206 efficacium
674 3146 783 3206 habere
799 3167 857 3206 non
872 3147 971 3225 possit,
987 3147 1042 3206 nisi
1058 3169 1091 3206 ea
1104 3150 1207 3207 virtute
1221 3147 1302 3206 illius
1315 3149 1451 3208 terminis:

349 3251 465 3301 oonstat
486 3241 565 3320 quod
587 3241 668 3301 solus
690 3241 773 3300 Deus
794 3251 846 3312 est,
870 3242 920 3320 qui
942 3245 1065 3302 interius
1085 3254 1115 3302 ct
1133 3243 1340 3320 principaliter
1359 3243 1451 3312 dotat,

349 3341 427 3399 sicut
442 3348 550 3398 natura
564 3339 688 3398 interius
703 3340 793 3399 etiam
809 3352 839 3398 et
849 3339 1274 3417 principalitersunnt”-Iur
1284 3339 1314 3400 S.
1332 3339 1443 3400 Ductor

390 3437 457 3495 354.
500 3435 545 3497 Ut
555 3447 654 3496 nutem
668 3457 744 3514 quac
755 3437 815 3496 huc
826 3457 918 3515 usque
928 3457 966 3496 ex
977 3435 1007 3496 S.
1024 3437 1155 3498 Doctore
1166 3437 1399 3516 transripsimus,
1411 3437 1448 3496 ad
1540 3481 1541 3512 5

351 3541 431 3592 certa
445 3532 545 3612 capita
559 3553 740 3606 revocemus,
754 3553 831 3610 quae
845 3544 1013 3612 sequnntur
1027 3535 1137 3612 accipe.

392 3629 489 3690 Docet
503 3630 605 3708 itaque
619 3629 648 3690 S.
665 3629 796 3692 Ductor:

392 3723 704 3786 Primo—Scientiam
728 3725 866 3788 innubis
885 3729 1080 3805 praeexistere
1101 3748 1159 3788 non
1175 3727 1295 3807 quidem
1319 3727 1450 3806 potentia

352 3843 424 3903 pure
442 3824 567 3901 passion,
588 3823 638 3882 sed
660 3825 759 3884 activa.
801 3823 881 3884 Nam
904 3825 1116 3898 conclusiones,
1144 3845 1271 3905 quarum
1294 3823 1448 3904 complexa

349 3929 466 3982 constat
486 3918 619 3989 scientia,
634 3921 797 3980 virtualiter
818 3921 1008 3982 continentur
1029 3907 1066 3980 in
1082 3921 1236 4000 principiis
1251 3941 1309 3998 per
1321 3942 1352 3981 se
1371 3921 1449 3988 notu,

350 4025 458 4097 atquo
465 4016 539 4076 hacc
568 4015 716 4096 principia
740 4017 903 4077 virtualiter
927 4017 1120 4078 continentur
1143 4019 1177 4078 in
1199 4018 1310 4078 lumine
1332 4017 1450 4076 rationis

350 4114 496 4177 diuinitus
510 4112 595 4174 uobis
616 4133 759 4174 concesso.
802 4113 988 4192 Hujusmodi
1009 4123 1109 4175 autem
1131 4113 1231 4175 lumen
1248 4112 1291 4173 nil
1305 4125 1350 4174 est
1369 4113 1448 4174 aliud

350 4213 406 4274 nisi
416 4215 458 4274 uis
472 4211 643 4272 abstractiva
659 4221 739 4271 meat
741 4212 764 4270 is
766 4231 863 4290 ,quae
877 4231 896 4272 a
911 4233 1042 4285 munere,
1056 4233 1115 4291 quo
1130 4211 1276 4292 fungitur,
1291 4209 1451 4272 abstrahar·
1539 4169 1540 4283 l

351 4307 384 4370 di
396 4329 446 4369 sc:
467 4307 578 4386 specics
600 4305 804 4385 intelligibiles
817 4328 837 4368 a
858 4307 1128 4387 phantasmatibus,
1142 4307 1355 4368 denominatur
1370 4305 1450 4366 Iutel·
