3118 4956
446 448 492 508 ne
518 447 614 508 rma
636 447 743 508 ueros
762 447 944 526 opacata.
1015 434 1017 440 ’
1153 419 1242 540 ⁴165

181 643 248 703 232.
291 623 713 727 Quarto.-Inductio,ut(n.
729 643 813 720 227.)
828 640 1082 715 diximnaestvel
1097 641 1243 719 completa·
1291 634 1296 645 '
1333 653 1335 659 '

140 739 188 798 vel
206 740 383 818 incompleta.
405 739 570 802 .Jamvero
615 731 619 773 ’-
1049 741 1052 746 ’
1363 753 1367 760 ’

142 829 362 914 c)-In‹luctio
379 841 520 926 'completo
534 839 757 918 enthymemate
779 839 956 914 continetur,
972 857 1024 901 nea
1039 859 1057 897 a
1070 835 1242 916 syllogismo

139 937 248 1008 disere,
264 937 319 996 nisi
333 938 447 1018 ratione
460 939 598 996 materiae
620 947 748 1008 tautum,
762 945 909 1014 quatenus
930 955 961 994 sc
973 947 990 994 :'
1000 933 1193 1013 Syllopumua
1209 943 1247 1002 ut,

136 1035 182 1092 ait
198 1033 372 1094 Aristoteles
387 1035 450 1110 (11.
465 1033 603 1094 Priorum
619 1055 642 1095 c.
660 1021 777 1094 aeq—et
790 1035 815 1104 1,
827 1032 906 1094 Post.
920 1054 947 1094 c.
963 1033 1006 1111 1.)
1017 1031 1056 1092 ad
1073 1030 1241 1110 probandas

140 1131 352 1203 conclusiones,
366 1153 490 1211 quoram
513 1137 551 1190 ent
572 1131 707 1202 medium,
730 1130 873 1190 inductio.
888 1149 958 1190 vero
980 1131 1056 1208 (intz
1078 1128 1239 1208 completa)

138 1229 178 1288 ad
195 1249 252 1301 eas,
268 1251 391 1309 quorum
406 1249 464 1288 rica
479 1237 517 1288 est
538 1229 672 1301 medium,
688 1215 857 1307 probandus
878 1226 1047 1288 adhibetur.
1089 1225 1240 1288 Nimirum

142 1326 171 1384 in
188 1325 360 1386 inductione
374 1325 522 1404 completa
535 1324 702 1404 subjectum
717 1323 915 1384 conclusionis
925 1335 956 1384 et
970 1323 1084 1384 medius
1100 1323 1241 1384 terminus

140 1442 218 1481 uuus
232 1421 369 1500 idemque
390 1431 550 1501 conceptus
573 1431 651 1494 sunt,
666 1421 865 1482 diversimode
889 1433 988 1482 tamen
1003 1441 1174 1500 expressus:
1198 1419 1241 1480 bis
1293 1419 1297 1426 “

27 1571 31 1576 .
138 1520 219 1577 enim
245 1519 445 1579 uniooeaalitcr
468 1519 648 1597 exprimitur
672 1530 701 1578 et
727 1517 771 1579 bis
791 1539 847 1596 per
870 1517 1089 1597 adjectivorum
1109 1517 1241 1595 portium

139 1616 390 1674 csumerott'oncm.
433 1614 601 1687 Caeterum,
623 1613 662 1674 ad
676 1615 804 1693 santam
828 1613 907 1692 quod
930 1615 1046 1686 attinet,
1071 1613 1241 1674 nullatanus

139 1713 203 1789 ipsa
216 1732 236 1771 a
249 1711 420 1790 syllogismo
433 1711 540 1772 differt
583 1711 632 1772 En
648 1710 786 1784 formula,

261 1823 838 1896 Eta,etb‚etc,....‚etasuntP;

263 1905 358 1983 Atqui
372 1905 558 1964 omueSvel
572 1917 657 1976 ester,
674 1903 719 1964 vel
734 1914 779 1964 est
793 1903 817 1972 b,
836 1903 882 1964 vel
897 1915 977 1974 estc,
993 1901 1039 1962 vel
1055 1913 1149 1962 eata:

263 1984 345 2062 Ergo
359 2005 447 2044 omne
461 1985 483 2044 S
499 1995 541 2044 est
558 1984 591 2044 P.

178 2098 392 2174 b)-Inductio
407 2114 477 2159 vero
501 2098 679 2177 incompleta,
695 2117 748 2158 nac
764 2098 877 2157 ratione
897 2099 1043 2169 momine,
1059 2117 1111 2157 uec
1127 2097 1239 2157 ratione

132 2198 247 2273 ,terrane
261 2195 360 2256 differt
373 2217 393 2255 a
406 2195 587 2275 syllogismo.

179 2292 230 2351 ‚td
245 2293 328 2371 cujus
343 2292 385 2351 rei
399 2290 580 2353 evidentiam
593 2291 840 2353 considerandum
854 2300 898 2352 est
912 2291 1114 2351 inductionem
1130 2292 1240 2350 incom-

73 2394 79 2406 '
137 2387 250 2466 pletam
264 2389 385 2448 fundari
397 2392 528 2467 prosince
543 2389 572 2448 in
588 2390 799 2468 experimentis
814 2388 924 2452 habitis
938 2389 1017 2450 circa
1027 2389 1119 2466 plura
1133 2389 1239 2450 indivi-

134 2485 206 2546 dua.
248 2485 411 2565 Postquam
437 2507 507 2549 uero
533 2487 702 2566 hujusmodi
716 2487 902 2566 experientia
925 2485 1006 2546 facta
1026 2497 1078 2559 ast,
1093 2485 1146 2545 ubi
1160 2499 1240 2546 certo

135 2583 301 2643 constiterit
315 2583 465 2662 quoddam
491 2584 729 2664 phoenomenum
746 2591 906 2644 cunctanter
919 2595 948 2644 et
972 2583 1153 2662 uuijomniter
1165 2605 1237 2650 ,rem

135 2679 270 2757 aliquam
299 2681 446 2753 comitari,
473 2691 634 2760 utcumque
662 2681 828 2751 individua,
853 2681 890 2741 de
918 2681 1038 2761 quibus'
1055 2683 1239 2760 experientia

137 2775 312 2848 instituitur,
326 2776 389 2837 sive
403 2777 501 2856 quoad
516 2799 677 2849 cupreum,
692 2778 755 2838 sive
769 2777 868 2858 quoad
882 2777 973 2838 locum
988 2789 1137 2839 ceterusve
1149 2781 1239 2859 quali·

135 2872 523 2958 acclamationesque
538 2875 711 2947 varientur;
732 2877 865 2954 profecto
880 2874 995 2954 patebit
1009 2875 1090 2936 illius
1112 2877 1238 2954 phoeno

138 2969 216 3029 meni
225 2991 351 3043 meacm,
362 2991 456 3050 neque
465 2971 629 3050 peculiares
638 2971 706 3032 illas
716 2971 986 3044 determinationes,
998 2991 1093 3052 neque
1101 2973 1239 3034 fortuitae

134 3068 375 3129 circumstantius
398 3089 458 3129 asse
483 3089 572 3148 posse.
615 3068 697 3129 Nam
712 3068 844 3148 “effectne
867 3077 1009 3129 manta
1032 3084 1062 3130 et
1086 3071 1239 3149 ara'soranla

133 3183 250 3222 caueam
264 3165 352 3242 exigit
373 3171 545 3224 amanen
560 3171 586 3224 et
599 3164 808 3243 unijorntem:”
823 3163 878 3224 illa
891 3175 993 3224 autern
1016 3165 1160 3246 adjuncto
1184 3187 1237 3226 nec

134 3261 333 3319 mactantiam
361 3259 472 3320 habent
485 3271 524 3320 ,et
546 3281 599 3339 pro
615 3261 760 3321 varietate
783 3260 1007 3321 individuorum
1032 3272 1237 3322 mutantur.-

138 3356 220 3416 Hinc
235 3377 316 3417 ruens
330 3359 358 3415 oi
371 3355 453 3417 illins
467 3358 614 3435 principii
627 3356 722 3436 (qnod
737 3359 914 3418 camelinae
929 3359 1107 3438 principium
1125 3381 1238 3420 nuncu·

137 3453 239 3530 patur)
255 3453 294 3512 ad
316 3453 624 3531 hanc'eanirendam
638 3473 759 3513 causatu
774 3454 917 3532 assurgit:
940 3475 1035 3533 neque
1049 3455 1140 3515 aliam
1156 3457 1236 3516 inve·

135 3551 206 3624 niet,
220 3551 276 3612 nisi
292 3550 340 3612 vel
362 3558 501 3610 naturam
521 3551 614 3629 ipsam
635 3549 870 3623 individuorum,
885 3551 932 3612 vel
948 3551 1037 3629 layca
1051 3551 1087 3611 ab
1110 3553 1237 3613 Auctore
1300 3571 1308 3592 ·

134 3657 258 3708 amarae
279 3647 575 3709 mutabililamnlris
589 3647 668 3707 enim
693 3648 901 3708 tantummodo
924 3647 1107 3708 constantiae
1121 3658 1151 3708 et
1174 3651 1245 3708 uni?

135 3746 295 3807 formitatis
309 3745 495 3806 characteres
509 3753 674 3824 competere
696 3743 984 3824 possunt—Verum
998 3745 1150 3806 enimvero
1176 3745 1237 3805 No·

133 3851 201 3903 tura
214 3842 346 3902 omnibus
359 3843 441 3916 inest,
455 3841 544 3902 etiarn
561 3841 615 3913 his,
629 3841 667 3900 de
689 3841 798 3919 quibus
812 3840 945 3900 nondum
968 3841 1106 3902 instituta
1129 3851 1172 3902 est
1186 3863 1236 3902 ex·

134 3939 295 4018 parientia:
317 3939 391 4018 lcqee
404 3946 499 3998 oman
520 3945 653 4010 caetrae,
668 3947 771 4016 utpote
785 3957 805 3998 a
824 3937 1050 4016 Sapientissimo
1064 3937 1235 3999 ordinatore

132 4038 245 4116 positae
258 4046 288 4098 et
301 4037 517 4110 constabilitae,
531 4036 645 4096 stabiles
664 4046 742 4096 sunt
785 4035 988 4112 Quamobrem
1006 4033 1235 4129 pneumon,

129 4135 211 4214 quod
226 4135 297 4196 hinc
309 4135 394 4196 ducit
406 4135 552 4214 originem
568 4133 716 4195 verificari
730 4132 819 4193 debet
833 4152 893 4192 non
906 4133 1002 4194 solurn
1019 4132 1049 4192 in
1065 4132 1111 4192 his
1125 4133 1233 4194 indivi-

128 4233 206 4306 duis,
220 4231 379 4312 dequibus
401 4230 482 4293 facta
496 4244 540 4292 est
553 4231 748 4310 experientia,
762 4229 812 4290 sed
835 4230 926 4291 etiarn
950 4230 981 4288 in
1004 4229 1134 4302 caeteris,
1156 4251 1234 4310 quae

654 4329 693 4386 24
747 4371 750 4386 .
