<?xml version="1.0" encoding="UTF-8"?>
<!DOCTYPE html PUBLIC "-//W3C//DTD XHTML 1.0 Transitional//EN"
    "http://www.w3.org/TR/xhtml1/DTD/xhtml1-transitional.dtd">
<html xmlns="http://www.w3.org/1999/xhtml" xml:lang="en" lang="en">
 <head>
  <title>
</title>
<meta http-equiv="Content-Type" content="text/html;charset=utf-8" />
  <meta name='ocr-system' content='tesseract 3.04.00' />
  <meta name='ocr-capabilities' content='ocr_page ocr_carea ocr_par ocr_line ocrx_word'/>
</head>
<body>
  <div class='ocr_page' id='page_1' title='image "./logicaegenerali00schigoog_0071.png"; bbox 0 0 3172 4950; ppageno 0'>
   <div class='ocr_carea' id='block_1_1' title="bbox 294 357 909 440">
    <p class='ocr_par' dir='ltr' id='par_1_1' title="bbox 294 357 909 440">
     <span class='ocr_line' id='line_1_1' title="bbox 294 357 909 440; baseline 0.018 -28"><span class='ocrx_word' id='word_1_1' title='bbox 294 357 332 415; x_wconf 78' lang='lat'><strong>54</strong></span> <span class='ocrx_word' id='word_1_2' title='bbox 790 361 909 440; x_wconf 74' lang='lat' dir='ltr'><strong>Lupiae.</strong></span> 
     </span>
    </p>
   </div>
   <div class='ocr_carea' id='block_1_2' title="bbox 291 551 1391 731">
    <p class='ocr_par' dir='ltr' id='par_1_2' title="bbox 291 551 1391 731">
     <span class='ocr_line' id='line_1_2' title="bbox 330 551 1391 634; baseline 0.008 -24"><span class='ocrx_word' id='word_1_3' title='bbox 330 551 360 610; x_wconf 83' lang='lat' dir='ltr'><strong>Si</strong></span> <span class='ocrx_word' id='word_1_4' title='bbox 375 553 503 612; x_wconf 85' lang='lat' dir='ltr'><strong>seeundo</strong></span> <span class='ocrx_word' id='word_1_5' title='bbox 520 554 605 614; x_wconf 82' lang='lat' dir='ltr'><strong>inodo</strong></span> <span class='ocrx_word' id='word_1_6' title='bbox 620 554 697 614; x_wconf 89' lang='lat' dir='ltr'><strong>illud</strong></span> <span class='ocrx_word' id='word_1_7' title='bbox 711 556 838 634; x_wconf 75' lang='lat' dir='ltr'><strong>repicit,</strong></span> <span class='ocrx_word' id='word_1_8' title='bbox 854 555 1251 617; x_wconf 81' lang='lat' dir='ltr'><strong>habebiturtundamentum</strong></span> <span class='ocrx_word' id='word_1_9' title='bbox 1266 558 1391 619; x_wconf 74' lang='lat' dir='ltr'><strong>aetion&#39;n¹</strong></span> 
     </span>
     <span class='ocr_line' id='line_1_3' title="bbox 291 651 1390 731; baseline 0.005 -24"><span class='ocrx_word' id='word_1_10' title='bbox 291 665 319 708; x_wconf 79' lang='lat' dir='ltr'><strong>et</strong></span> <span class='ocrx_word' id='word_1_11' title='bbox 347 651 497 727; x_wconf 71' lang='lat' dir='ltr'><strong>passionis.</strong></span> <span class='ocrx_word' id='word_1_12' title='bbox 539 651 587 710; x_wconf 77' lang='lat' dir='ltr'><strong>Sic</strong></span> <span class='ocrx_word' id='word_1_13' title='bbox 616 651 694 712; x_wconf 86' lang='lat' dir='ltr'><strong>lilius</strong></span> <span class='ocrx_word' id='word_1_14' title='bbox 723 653 840 731; x_wconf 82' lang='lat' dir='ltr'><strong>respicit</strong></span> <span class='ocrx_word' id='word_1_15' title='bbox 869 663 999 731; x_wconf 87' lang='lat' dir='ltr'><strong>patrem:</strong></span> <span class='ocrx_word' id='word_1_16' title='bbox 1038 663 1068 712; x_wconf 93' lang='lat' dir='ltr'><strong>et</strong></span> <span class='ocrx_word' id='word_1_17' title='bbox 1094 655 1258 730; x_wconf 78' lang='lat' dir='ltr'><strong>generatim</strong></span> <span class='ocrx_word' id='word_1_18' title='bbox 1288 654 1390 713; x_wconf 79' lang='lat' dir='ltr'><strong>omnis</strong></span> 
     </span>
    </p>
   </div>
   <div class='ocr_carea' id='block_1_3' title="bbox 203 745 656 816">
    <p class='ocr_par' dir='ltr' id='par_1_3' title="bbox 203 745 656 816">
     <span class='ocr_line' id='line_1_4' title="bbox 203 745 656 816; baseline 0.02 -16"><span class='ocrx_word' id='word_1_19' title='bbox 203 807 208 816; x_wconf 50' lang='lat'><strong>,</strong></span> <span class='ocrx_word' id='word_1_20' title='bbox 294 745 412 805; x_wconf 77' lang='lat' dir='ltr'><strong>effeetus</strong></span> <span class='ocrx_word' id='word_1_21' title='bbox 426 767 510 806; x_wconf 86' lang='lat' dir='ltr'><strong>suam</strong></span> <span class='ocrx_word' id='word_1_22' title='bbox 527 769 656 809; x_wconf 76' lang='lat' dir='ltr'><strong>enimam.</strong></span> 
     </span>
    </p>
   </div>
   <div class='ocr_carea' id='block_1_4' title="bbox 194 2191 212 2216">
    <p class='ocr_par' dir='ltr' id='par_1_4' title="bbox 194 2191 212 2216">
     <span class='ocr_line' id='line_1_5' title="bbox 194 2191 212 2216; baseline 0 -10"><span class='ocrx_word' id='word_1_23' title='bbox 194 2191 212 2216; x_wconf 60' lang='lat' dir='ltr'><em>P</em></span> 
     </span>
    </p>
   </div>
   <div class='ocr_carea' id='block_1_5' title="bbox 261 843 1403 4326">
    <p class='ocr_par' dir='ltr' id='par_1_5' title="bbox 291 843 1389 1389">
     <span class='ocr_line' id='line_1_6' title="bbox 330 843 1389 926; baseline 0.003 -22"><span class='ocrx_word' id='word_1_24' title='bbox 330 843 362 904; x_wconf 83' lang='lat' dir='ltr'><strong>Si</strong></span> <span class='ocrx_word' id='word_1_25' title='bbox 377 844 464 904; x_wconf 91' lang='lat' dir='ltr'><strong>tertio</strong></span> <span class='ocrx_word' id='word_1_26' title='bbox 490 845 576 906; x_wconf 89' lang='lat' dir='ltr'><strong>modo</strong></span> <span class='ocrx_word' id='word_1_27' title='bbox 590 846 666 906; x_wconf 91' lang='lat' dir='ltr'><strong>illud</strong></span> <span class='ocrx_word' id='word_1_28' title='bbox 682 847 808 926; x_wconf 78' lang='lat' dir='ltr'><strong>respicit,</strong></span> <span class='ocrx_word' id='word_1_29' title='bbox 824 846 983 908; x_wconf 77' lang='lat' dir='ltr'><strong>habebitur</strong></span> <span class='ocrx_word' id='word_1_30' title='bbox 1006 849 1237 908; x_wconf 76' lang='lat' dir='ltr'><strong>fundumentum</strong></span> <span class='ocrx_word' id='word_1_31' title='bbox 1251 848 1389 908; x_wconf 85' lang='lat' dir='ltr'><strong>eonveni-</strong></span> 
     </span>
     <span class='ocr_line' id='line_1_7' title="bbox 291 939 1385 1022; baseline 0.005 -24"><span class='ocrx_word' id='word_1_32' title='bbox 291 941 387 1000; x_wconf 84' lang='lat' dir='ltr'><strong>entiae</strong></span> <span class='ocrx_word' id='word_1_33' title='bbox 401 939 449 1000; x_wconf 91' lang='lat' dir='ltr'><strong>vel</strong></span> <span class='ocrx_word' id='word_1_34' title='bbox 472 941 751 1016; x_wconf 86' lang='lat' dir='ltr'><strong>diseorrvenientiae,</strong></span> <span class='ocrx_word' id='word_1_35' title='bbox 772 953 861 1021; x_wconf 91' lang='lat' dir='ltr'><strong>prout</strong></span> <span class='ocrx_word' id='word_1_36' title='bbox 874 943 935 1004; x_wconf 93' lang='lat' dir='ltr'><strong>duo</strong></span> <span class='ocrx_word' id='word_1_37' title='bbox 958 944 988 1003; x_wconf 94' lang='lat' dir='ltr'><strong>in</strong></span> <span class='ocrx_word' id='word_1_38' title='bbox 1010 944 1112 1022; x_wconf 87' lang='lat' dir='ltr'><strong>aliquo</strong></span> <span class='ocrx_word' id='word_1_39' title='bbox 1134 945 1317 1004; x_wconf 89' lang='lat' dir='ltr'><strong>conveniunt</strong></span> <span class='ocrx_word' id='word_1_40' title='bbox 1340 943 1385 1004; x_wconf 84' lang='lat' dir='ltr'><strong>vel</strong></span> 
     </span>
     <span class='ocr_line' id='line_1_8' title="bbox 291 1037 1387 1116; baseline 0.009 -24"><span class='ocrx_word' id='word_1_41' title='bbox 291 1037 467 1116; x_wconf 80' lang='lat' dir='ltr'><strong>discrepant.</strong></span> <span class='ocrx_word' id='word_1_42' title='bbox 508 1039 540 1098; x_wconf 83' lang='lat' dir='ltr'><strong>Si</strong></span> <span class='ocrx_word' id='word_1_43' title='bbox 569 1041 748 1102; x_wconf 79' lang='lat' dir='ltr'><strong>eonveuiant</strong></span> <span class='ocrx_word' id='word_1_44' title='bbox 785 1041 814 1099; x_wconf 93' lang='lat' dir='ltr'><strong>in</strong></span> <span class='ocrx_word' id='word_1_45' title='bbox 843 1040 1019 1112; x_wconf 71' lang='lat' dir='ltr'><strong>substantia,</strong></span> <span class='ocrx_word' id='word_1_46' title='bbox 1049 1041 1207 1102; x_wconf 78' lang='lat' dir='ltr'><strong>habebitur</strong></span> <span class='ocrx_word' id='word_1_47' title='bbox 1244 1043 1387 1112; x_wconf 76' lang='lat' dir='ltr'><strong>identitas,</strong></span> 
     </span>
     <span class='ocr_line' id='line_1_9' title="bbox 291 1137 1384 1216; baseline 0.006 -28"><span class='ocrx_word' id='word_1_48' title='bbox 291 1155 367 1212; x_wconf 86' lang='lat' dir='ltr'><strong>quae</strong></span> <span class='ocrx_word' id='word_1_49' title='bbox 381 1155 441 1194; x_wconf 85' lang='lat' dir='ltr'><strong>esse</strong></span> <span class='ocrx_word' id='word_1_50' title='bbox 456 1147 550 1214; x_wconf 83' lang='lat' dir='ltr'><strong>potest</strong></span> <span class='ocrx_word' id='word_1_51' title='bbox 565 1137 725 1206; x_wconf 77' lang='lat' dir='ltr'><strong>numerian,</strong></span> <span class='ocrx_word' id='word_1_52' title='bbox 741 1137 787 1196; x_wconf 92' lang='lat' dir='ltr'><strong>vel</strong></span> <span class='ocrx_word' id='word_1_53' title='bbox 802 1137 948 1216; x_wconf 77' lang='lat' dir='ltr'><strong>speciliea,</strong></span> <span class='ocrx_word' id='word_1_54' title='bbox 964 1137 1010 1198; x_wconf 87' lang='lat' dir='ltr'><strong>vel</strong></span> <span class='ocrx_word' id='word_1_55' title='bbox 1033 1139 1186 1216; x_wconf 77' lang='lat' dir='ltr'><strong>generice:</strong></span> <span class='ocrx_word' id='word_1_56' title='bbox 1208 1139 1232 1196; x_wconf 87' lang='lat' dir='ltr'><strong>si</strong></span> <span class='ocrx_word' id='word_1_57' title='bbox 1247 1138 1384 1196; x_wconf 71' lang='lat' dir='ltr'><strong>‹navant-</strong></span> 
     </span>
     <span class='ocr_line' id='line_1_10' title="bbox 292 1233 1389 1313; baseline 0.005 -23"><span class='ocrx_word' id='word_1_58' title='bbox 292 1243 344 1292; x_wconf 87' lang='lat' dir='ltr'><strong>ant</strong></span> <span class='ocrx_word' id='word_1_59' title='bbox 359 1234 388 1291; x_wconf 92' lang='lat' dir='ltr'><strong>in</strong></span> <span class='ocrx_word' id='word_1_60' title='bbox 404 1234 580 1311; x_wconf 86' lang='lat' dir='ltr'><strong>quantitate,</strong></span> <span class='ocrx_word' id='word_1_61' title='bbox 595 1233 754 1293; x_wconf 80' lang='lat' dir='ltr'><strong>habebitur</strong></span> <span class='ocrx_word' id='word_1_62' title='bbox 768 1236 943 1313; x_wconf 77' lang='lat' dir='ltr'><strong>aequalitas:</strong></span> <span class='ocrx_word' id='word_1_63' title='bbox 964 1235 987 1292; x_wconf 74' lang='lat' dir='ltr'><strong>si</strong></span> <span class='ocrx_word' id='word_1_64' title='bbox 1001 1235 1030 1293; x_wconf 93' lang='lat' dir='ltr'><strong>in</strong></span> <span class='ocrx_word' id='word_1_65' title='bbox 1043 1235 1189 1312; x_wconf 77' lang='lat' dir='ltr'><strong>qualitate</strong></span> <span class='ocrx_word' id='word_1_66' title='bbox 1200 1235 1389 1296; x_wconf 83' lang='lat' dir='ltr'><strong>eorrveuiant.</strong></span> 
     </span>
     <span class='ocr_line' id='line_1_11' title="bbox 296 1328 634 1389; baseline 0.012 -4"><span class='ocrx_word' id='word_1_67' title='bbox 296 1328 454 1388; x_wconf 79' lang='lat' dir='ltr'><strong>habebitur</strong></span> <span class='ocrx_word' id='word_1_68' title='bbox 467 1331 634 1389; x_wconf 75' lang='lat' dir='ltr'><strong>airriiblndo.</strong></span> 
     </span>
    </p>

    <p class='ocr_par' dir='ltr' id='par_1_6' title="bbox 294 1425 1396 1602">
     <span class='ocr_line' id='line_1_12' title="bbox 335 1425 1396 1492; baseline 0.006 -8"><span class='ocrx_word' id='word_1_69' title='bbox 335 1425 431 1485; x_wconf 65' lang='lat' dir='ltr'><strong>Dices.</strong></span> <span class='ocrx_word' id='word_1_70' title='bbox 475 1425 590 1486; x_wconf 83' lang='lat' dir='ltr'><strong>Multae</strong></span> <span class='ocrx_word' id='word_1_71' title='bbox 604 1447 640 1486; x_wconf 82' lang='lat' dir='ltr'><strong>ex</strong></span> <span class='ocrx_word' id='word_1_72' title='bbox 657 1427 702 1486; x_wconf 85' lang='lat' dir='ltr'><strong>his</strong></span> <span class='ocrx_word' id='word_1_73' title='bbox 718 1427 910 1488; x_wconf 67' lang='lat' dir='ltr'><strong>relationibus</strong></span> <span class='ocrx_word' id='word_1_74' title='bbox 923 1441 993 1488; x_wconf 89' lang='lat' dir='ltr'><strong>sunt</strong></span> <span class='ocrx_word' id='word_1_75' title='bbox 1009 1428 1054 1488; x_wconf 86' lang='lat' dir='ltr'><strong>vel</strong></span> <span class='ocrx_word' id='word_1_76' title='bbox 1072 1429 1194 1488; x_wconf 89' lang='lat' dir='ltr'><strong>rationis</strong></span> <span class='ocrx_word' id='word_1_77' title='bbox 1210 1429 1254 1488; x_wconf 88' lang='lat' dir='ltr'><strong>vel</strong></span> <span class='ocrx_word' id='word_1_78' title='bbox 1272 1430 1396 1492; x_wconf 74' lang='lat' dir='ltr'><strong>mirae.</strong></span> 
     </span>
     <span class='ocr_line' id='line_1_13' title="bbox 294 1522 1134 1602; baseline 0.01 -26"><span class='ocrx_word' id='word_1_79' title='bbox 294 1522 442 1599; x_wconf 89' lang='lat' dir='ltr'><strong>quomodo</strong></span> <span class='ocrx_word' id='word_1_80' title='bbox 456 1523 547 1598; x_wconf 78' lang='lat' dir='ltr'><strong>igitur·</strong></span> <span class='ocrx_word' id='word_1_81' title='bbox 561 1523 600 1582; x_wconf 89' lang='lat' dir='ltr'><strong>ad</strong></span> <span class='ocrx_word' id='word_1_82' title='bbox 616 1524 670 1582; x_wconf 90' lang='lat' dir='ltr'><strong>hoe</strong></span> <span class='ocrx_word' id='word_1_83' title='bbox 686 1523 961 1602; x_wconf 80' lang='lat' dir='ltr'><strong>praedicamentum</strong></span> <span class='ocrx_word' id='word_1_84' title='bbox 976 1525 1134 1602; x_wconf 86' lang='lat' dir='ltr'><strong>pertinent.</strong></span> 
     </span>
    </p>

    <p class='ocr_par' dir='ltr' id='par_1_7' title="bbox 295 1619 1399 1990">
     <span class='ocr_line' id='line_1_14' title="bbox 335 1619 1397 1700; baseline 0.001 -22"><span class='ocrx_word' id='word_1_85' title='bbox 335 1619 517 1698; x_wconf 80' lang='lat' dir='ltr'><strong>Respondeo.</strong></span> <span class='ocrx_word' id='word_1_86' title='bbox 562 1619 618 1678; x_wconf 92' lang='lat' dir='ltr'><strong>Vel</strong></span> <span class='ocrx_word' id='word_1_87' title='bbox 642 1619 715 1680; x_wconf 86' lang='lat' dir='ltr'><strong>istae</strong></span> <span class='ocrx_word' id='word_1_88' title='bbox 738 1641 796 1680; x_wconf 93' lang='lat' dir='ltr'><strong>non</strong></span> <span class='ocrx_word' id='word_1_89' title='bbox 820 1621 969 1700; x_wconf 88' lang='lat' dir='ltr'><strong>pertinent</strong></span> <span class='ocrx_word' id='word_1_90' title='bbox 982 1621 1020 1680; x_wconf 89' lang='lat' dir='ltr'><strong>ad</strong></span> <span class='ocrx_word' id='word_1_91' title='bbox 1036 1621 1091 1680; x_wconf 87' lang='lat' dir='ltr'><strong>hoe</strong></span> <span class='ocrx_word' id='word_1_92' title='bbox 1111 1621 1397 1700; x_wconf 78' lang='lat' dir='ltr'><strong>praedicamentum.</strong></span> 
     </span>
     <span class='ocr_line' id='line_1_15' title="bbox 295 1715 1399 1796; baseline 0.003 -23"><span class='ocrx_word' id='word_1_93' title='bbox 295 1728 327 1775; x_wconf 90' lang='lat' dir='ltr'><strong>ut</strong></span> <span class='ocrx_word' id='word_1_94' title='bbox 341 1715 462 1793; x_wconf 87' lang='lat' dir='ltr'><strong>quidam</strong></span> <span class='ocrx_word' id='word_1_95' title='bbox 489 1717 601 1788; x_wconf 87' lang='lat' dir='ltr'><strong>volunt,</strong></span> <span class='ocrx_word' id='word_1_96' title='bbox 616 1717 663 1776; x_wconf 88' lang='lat' dir='ltr'><strong>vel</strong></span> <span class='ocrx_word' id='word_1_97' title='bbox 686 1727 807 1776; x_wconf 86' lang='lat' dir='ltr'><strong>eatenus</strong></span> <span class='ocrx_word' id='word_1_98' title='bbox 830 1717 868 1777; x_wconf 92' lang='lat' dir='ltr'><strong>ad</strong></span> <span class='ocrx_word' id='word_1_99' title='bbox 892 1717 967 1776; x_wconf 93' lang='lat' dir='ltr'><strong>illud</strong></span> <span class='ocrx_word' id='word_1_100' title='bbox 992 1719 1149 1796; x_wconf 89' lang='lat' dir='ltr'><strong>pertinent,</strong></span> <span class='ocrx_word' id='word_1_101' title='bbox 1171 1728 1317 1796; x_wconf 87' lang='lat' dir='ltr'><strong>quatenus</strong></span> <span class='ocrx_word' id='word_1_102' title='bbox 1331 1718 1399 1776; x_wconf 89' lang='lat' dir='ltr'><strong>inri-</strong></span> 
     </span>
     <span class='ocr_line' id='line_1_16' title="bbox 295 1812 1392 1902; baseline 0.002 -30"><span class='ocrx_word' id='word_1_103' title='bbox 295 1825 397 1872; x_wconf 83' lang='lat' dir='ltr'><strong>tantnr·</strong></span> <span class='ocrx_word' id='word_1_104' title='bbox 412 1812 567 1872; x_wconf 76' lang='lat' dir='ltr'><strong>relationes</strong></span> <span class='ocrx_word' id='word_1_105' title='bbox 584 1813 674 1874; x_wconf 71' lang='lat' dir='ltr'><strong>reales</strong></span> <span class='ocrx_word' id='word_1_106' title='bbox 687 1814 743 1874; x_wconf 89' lang='lat' dir='ltr'><strong>sub</strong></span> <span class='ocrx_word' id='word_1_107' title='bbox 758 1815 811 1874; x_wconf 92' lang='lat' dir='ltr'><strong>illo</strong></span> <span class='ocrx_word' id='word_1_108' title='bbox 821 1817 1105 1893; x_wconf 64' lang='lat' dir='ltr'><strong>praeauererpeuu,</strong></span> <span class='ocrx_word' id='word_1_109' title='bbox 1117 1835 1176 1902; x_wconf 87' lang='lat' dir='ltr'><strong>quo</strong></span> <span class='ocrx_word' id='word_1_110' title='bbox 1189 1828 1260 1875; x_wconf 88' lang='lat' dir='ltr'><strong>sunt</strong></span> <span class='ocrx_word' id='word_1_111' title='bbox 1276 1815 1392 1876; x_wconf 87' lang='lat' dir='ltr'><strong>relatio-</strong></span> 
     </span>
     <span class='ocr_line' id='line_1_17' title="bbox 296 1911 1393 1990; baseline 0.005 -21"><span class='ocrx_word' id='word_1_112' title='bbox 296 1933 353 1985; x_wconf 84' lang='lat' dir='ltr'><strong>nes,</strong></span> <span class='ocrx_word' id='word_1_113' title='bbox 370 1924 402 1971; x_wconf 94' lang='lat' dir='ltr'><strong>ut</strong></span> <span class='ocrx_word' id='word_1_114' title='bbox 416 1911 468 1971; x_wconf 89' lang='lat' dir='ltr'><strong>alii</strong></span> <span class='ocrx_word' id='word_1_115' title='bbox 483 1911 676 1972; x_wconf 84' lang='lat' dir='ltr'><strong>arbitrantur.</strong></span> <span class='ocrx_word' id='word_1_116' title='bbox 719 1911 856 1990; x_wconf 90' lang='lat' dir='ltr'><strong>Utraque</strong></span> <span class='ocrx_word' id='word_1_117' title='bbox 872 1912 1021 1988; x_wconf 79' lang='lat' dir='ltr'><strong>responsio</strong></span> <span class='ocrx_word' id='word_1_118' title='bbox 1032 1911 1110 1971; x_wconf 88' lang='lat' dir='ltr'><strong>bona</strong></span> <span class='ocrx_word' id='word_1_119' title='bbox 1124 1924 1176 1984; x_wconf 85' lang='lat' dir='ltr'><strong>est,</strong></span> <span class='ocrx_word' id='word_1_120' title='bbox 1189 1933 1242 1972; x_wconf 89' lang='lat' dir='ltr'><strong>nee</strong></span> <span class='ocrx_word' id='word_1_121' title='bbox 1256 1933 1330 1990; x_wconf 78' lang='lat' dir='ltr'><strong>opus</strong></span> <span class='ocrx_word' id='word_1_122' title='bbox 1338 1924 1393 1974; x_wconf 85' lang='lat' dir='ltr'><strong>est.</strong></span> 
     </span>
    </p>

    <p class='ocr_par' dir='ltr' id='par_1_8' title="bbox 261 2009 1289 2086">
     <span class='ocr_line' id='line_1_18' title="bbox 261 2009 1289 2086; baseline 0 -18"><span class='ocrx_word' id='word_1_123' title='bbox 261 2063 275 2086; x_wconf 43' lang='grc' dir='ltr'><em>κ</em></span> <span class='ocrx_word' id='word_1_124' title='bbox 296 2011 374 2071; x_wconf 91' lang='lat' dir='ltr'><strong>utin</strong></span> <span class='ocrx_word' id='word_1_125' title='bbox 389 2010 561 2069; x_wconf 79' lang='lat' dir='ltr'><strong>hisdiutius</strong></span> <span class='ocrx_word' id='word_1_126' title='bbox 577 2011 775 2070; x_wconf 89' lang='lat' dir='ltr'><strong>immoremur.</strong></span> <span class='ocrx_word' id='word_1_127' title='bbox 818 2009 864 2068; x_wconf 79' lang='lat' dir='ltr'><strong>Cf.</strong></span> <span class='ocrx_word' id='word_1_128' title='bbox 878 2011 997 2069; x_wconf 71' lang='lat' dir='ltr'><strong>Suarea.</strong></span> <span class='ocrx_word' id='word_1_129' title='bbox 1013 2009 1053 2069; x_wconf 92' lang='lat' dir='ltr'><strong>D.</strong></span> <span class='ocrx_word' id='word_1_130' title='bbox 1069 2009 1111 2069; x_wconf 81' lang='lat' dir='ltr'><strong>u.</strong></span> <span class='ocrx_word' id='word_1_131' title='bbox 1127 2011 1174 2070; x_wconf 78' lang='lat' dir='ltr'><strong>u.</strong></span> <span class='ocrx_word' id='word_1_132' title='bbox 1189 2029 1247 2068; x_wconf 83' lang='lat' dir='ltr'><strong>see.</strong></span> <span class='ocrx_word' id='word_1_133' title='bbox 1263 2010 1289 2069; x_wconf 91' lang='lat'><strong>3.</strong></span> 
     </span>
    </p>

    <p class='ocr_par' dir='ltr' id='par_1_9' title="bbox 335 2106 1394 2186">
     <span class='ocr_line' id='line_1_19' title="bbox 335 2106 1394 2186; baseline -0.002 -18"><span class='ocrx_word' id='word_1_134' title='bbox 335 2109 381 2168; x_wconf 82' lang='lat'><strong>70.</strong></span> <span class='ocrx_word' id='word_1_135' title='bbox 424 2107 617 2184; x_wconf 78' lang='lat' dir='ltr'><strong>Propriatutea</strong></span> <span class='ocrx_word' id='word_1_136' title='bbox 633 2107 802 2166; x_wconf 73' lang='lat' dir='ltr'><strong>Relationrs.</strong></span> <span class='ocrx_word' id='word_1_137' title='bbox 831 2107 991 2186; x_wconf 82' lang='lat' dir='ltr'><strong>Sequentes</strong></span> <span class='ocrx_word' id='word_1_138' title='bbox 1002 2118 1223 2166; x_wconf 86' lang='lat' dir='ltr'><strong>enumerantur.</strong></span> <span class='ocrx_word' id='word_1_139' title='bbox 1254 2106 1394 2166; x_wconf 83' lang='lat' dir='ltr'><strong>Relativa</strong></span> 
     </span>
    </p>

    <p class='ocr_par' dir='ltr' id='par_1_10' title="bbox 294 2203 1398 2476">
     <span class='ocr_line' id='line_1_20' title="bbox 335 2203 1398 2276; baseline -0.003 -12"><span class='ocrx_word' id='word_1_140' title='bbox 335 2205 467 2266; x_wconf 88' lang='lat' dir='ltr'><strong>I.—Non</strong></span> <span class='ocrx_word' id='word_1_141' title='bbox 484 2205 588 2264; x_wconf 80' lang='lat' dir='ltr'><strong>ltu-beat</strong></span> <span class='ocrx_word' id='word_1_142' title='bbox 603 2207 788 2276; x_wconf 76' lang='lat' dir='ltr'><strong>eontrarium,</strong></span> <span class='ocrx_word' id='word_1_143' title='bbox 804 2206 914 2264; x_wconf 62' lang='lat' dir='ltr'><strong>rabone</strong></span> <span class='ocrx_word' id='word_1_144' title='bbox 928 2207 982 2264; x_wconf 79' lang='lat' dir='ltr'><strong>arai.</strong></span> <span class='ocrx_word' id='word_1_145' title='bbox 1020 2204 1191 2264; x_wconf 81' lang='lat' dir='ltr'><strong>Relationes</strong></span> <span class='ocrx_word' id='word_1_146' title='bbox 1204 2204 1282 2262; x_wconf 90' lang='lat' dir='ltr'><strong>enim</strong></span> <span class='ocrx_word' id='word_1_147' title='bbox 1300 2203 1398 2264; x_wconf 72' lang='lat' dir='ltr'><strong>‹liver-</strong></span> 
     </span>
     <span class='ocr_line' id='line_1_21' title="bbox 294 2301 1391 2381; baseline 0.003 -24"><span class='ocrx_word' id='word_1_148' title='bbox 294 2303 423 2362; x_wconf 63' lang='lat' dir='ltr'><strong>¹‹issirnae</strong></span> <span class='ocrx_word' id='word_1_149' title='bbox 439 2303 467 2360; x_wconf 91' lang='lat' dir='ltr'><strong>iu</strong></span> <span class='ocrx_word' id='word_1_150' title='bbox 483 2303 585 2360; x_wconf 63' lang='lat' dir='ltr'><strong>laidem</strong></span> <span class='ocrx_word' id='word_1_151' title='bbox 600 2301 731 2381; x_wconf 66' lang='lat' dir='ltr'><strong>sabjecta</strong></span> <span class='ocrx_word' id='word_1_152' title='bbox 745 2323 805 2362; x_wconf 74' lang='lat' dir='ltr'><strong>esse</strong></span> <span class='ocrx_word' id='word_1_153' title='bbox 819 2317 948 2381; x_wconf 87' lang='lat' dir='ltr'><strong>queunt:</strong></span> <span class='ocrx_word' id='word_1_154' title='bbox 963 2301 1157 2380; x_wconf 87' lang='lat' dir='ltr'><strong>quamobrem</strong></span> <span class='ocrx_word' id='word_1_155' title='bbox 1173 2321 1231 2360; x_wconf 92' lang='lat' dir='ltr'><strong>uon</strong></span> <span class='ocrx_word' id='word_1_156' title='bbox 1246 2303 1391 2360; x_wconf 80' lang='lat' dir='ltr'><strong>contrarie</strong></span> 
     </span>
     <span class='ocr_line' id='line_1_22' title="bbox 296 2399 834 2476; baseline 0.007 -22"><span class='ocrx_word' id='word_1_157' title='bbox 296 2399 343 2457; x_wconf 72' lang='lat' dir='ltr'><strong>sed</strong></span> <span class='ocrx_word' id='word_1_158' title='bbox 359 2401 475 2458; x_wconf 71' lang='lat' dir='ltr'><strong>talnlire</strong></span> <span class='ocrx_word' id='word_1_159' title='bbox 495 2412 695 2476; x_wconf 89' lang='lat' dir='ltr'><strong>opponuntur.</strong></span> <span class='ocrx_word' id='word_1_160' title='bbox 713 2401 755 2475; x_wconf 91' lang='lat' dir='ltr'><strong>(u.</strong></span> <span class='ocrx_word' id='word_1_161' title='bbox 772 2401 834 2474; x_wconf 77' lang='lat'><strong>28.)</strong></span> 
     </span>
    </p>

    <p class='ocr_par' dir='ltr' id='par_1_11' title="bbox 295 2495 1399 3725">
     <span class='ocr_line' id='line_1_23' title="bbox 337 2495 1391 2576; baseline 0.002 -22"><span class='ocrx_word' id='word_1_162' title='bbox 337 2495 585 2574; x_wconf 75' lang='lat' dir='ltr'><strong>ll.—b&#39;naoipiunl</strong></span> <span class='ocrx_word' id='word_1_163' title='bbox 609 2499 700 2576; x_wconf 71' lang='lat' dir='ltr'><strong>ratapia</strong></span> <span class='ocrx_word' id='word_1_164' title='bbox 724 2505 749 2556; x_wconf 85' lang='lat' dir='ltr'><strong>el</strong></span> <span class='ocrx_word' id='word_1_165' title='bbox 775 2500 878 2558; x_wconf 69' lang='lat' dir='ltr'><strong>uriam.</strong></span> <span class='ocrx_word' id='word_1_166' title='bbox 923 2497 1007 2556; x_wconf 75' lang='lat' dir='ltr'><strong>Hau·-</strong></span> <span class='ocrx_word' id='word_1_167' title='bbox 1033 2509 1132 2557; x_wconf 82' lang='lat' dir='ltr'><strong>auteur</strong></span> <span class='ocrx_word' id='word_1_168' title='bbox 1159 2498 1333 2576; x_wconf 75' lang='lat' dir='ltr'><strong>proprietas,</strong></span> <span class='ocrx_word' id='word_1_169' title='bbox 1361 2511 1391 2556; x_wconf 91' lang='lat' dir='ltr'><strong>ut</strong></span> 
     </span>
     <span class='ocr_line' id='line_1_24' title="bbox 296 2593 1397 2673; baseline -0.001 -21"><span class='ocrx_word' id='word_1_170' title='bbox 296 2593 423 2652; x_wconf 87' lang='lat' dir='ltr'><strong>advertit</strong></span> <span class='ocrx_word' id='word_1_171' title='bbox 439 2593 549 2652; x_wconf 79' lang='lat' dir='ltr'><strong>Suarez</strong></span> <span class='ocrx_word' id='word_1_172' title='bbox 560 2613 596 2652; x_wconf 86' lang='lat' dir='ltr'><strong>ex</strong></span> <span class='ocrx_word' id='word_1_173' title='bbox 612 2593 780 2664; x_wconf 69' lang='lat' dir='ltr'><strong>Aristotele,</strong></span> <span class='ocrx_word' id='word_1_174' title='bbox 792 2595 930 2653; x_wconf 85' lang='lat' dir='ltr'><strong>eorrvenit</strong></span> <span class='ocrx_word' id='word_1_175' title='bbox 941 2593 1109 2673; x_wconf 80' lang='lat' dir='ltr'><strong>qrtihuadom</strong></span> <span class='ocrx_word' id='word_1_176' title='bbox 1124 2593 1326 2666; x_wconf 82' lang='lat' dir='ltr'><strong>relationibus,</strong></span> <span class='ocrx_word' id='word_1_177' title='bbox 1339 2613 1397 2652; x_wconf 92' lang='lat' dir='ltr'><strong>non</strong></span> 
     </span>
     <span class='ocr_line' id='line_1_25' title="bbox 296 2687 1399 2768; baseline 0.001 -23"><span class='ocrx_word' id='word_1_178' title='bbox 296 2689 449 2760; x_wconf 50' lang='lat' dir='ltr'><strong>ornatuum</strong></span> <span class='ocrx_word' id='word_1_179' title='bbox 472 2711 540 2749; x_wconf 88' lang='lat' dir='ltr'><strong>uam</strong></span> <span class='ocrx_word' id='word_1_180' title='bbox 564 2688 691 2768; x_wconf 89' lang='lat' dir='ltr'><strong>duplum</strong></span> <span class='ocrx_word' id='word_1_181' title='bbox 707 2709 764 2748; x_wconf 92' lang='lat' dir='ltr'><strong>non</strong></span> <span class='ocrx_word' id='word_1_182' title='bbox 779 2699 823 2749; x_wconf 78' lang='lat' dir='ltr'><strong>est</strong></span> <span class='ocrx_word' id='word_1_183' title='bbox 845 2689 939 2768; x_wconf 70' lang='lat' dir='ltr'><strong>magn</strong></span> <span class='ocrx_word' id='word_1_184' title='bbox 956 2689 1000 2749; x_wconf 90' lang='lat' dir='ltr'><strong>vel</strong></span> <span class='ocrx_word' id='word_1_185' title='bbox 1017 2690 1114 2748; x_wconf 85' lang='lat' dir='ltr'><strong>ruinas</strong></span> <span class='ocrx_word' id='word_1_186' title='bbox 1135 2688 1281 2767; x_wconf 85' lang='lat' dir='ltr'><strong>duplum;</strong></span> <span class='ocrx_word' id='word_1_187' title='bbox 1301 2687 1399 2748; x_wconf 87' lang='lat' dir='ltr'><strong>simile</strong></span> 
     </span>
     <span class='ocr_line' id='line_1_26' title="bbox 296 2785 1399 2864; baseline -0.003 -18"><span class='ocrx_word' id='word_1_188' title='bbox 296 2787 395 2846; x_wconf 66' lang='lat' dir='ltr'><strong>sautem</strong></span> <span class='ocrx_word' id='word_1_189' title='bbox 411 2786 457 2846; x_wconf 89' lang='lat' dir='ltr'><strong>vel</strong></span> <span class='ocrx_word' id='word_1_190' title='bbox 473 2785 597 2864; x_wconf 88' lang='lat' dir='ltr'><strong>aequale</strong></span> <span class='ocrx_word' id='word_1_191' title='bbox 611 2786 722 2846; x_wconf 86' lang='lat' dir='ltr'><strong>dieitur</strong></span> <span class='ocrx_word' id='word_1_192' title='bbox 738 2786 831 2864; x_wconf 87' lang='lat' dir='ltr'><strong>magis</strong></span> <span class='ocrx_word' id='word_1_193' title='bbox 845 2801 874 2846; x_wconf 90' lang='lat' dir='ltr'><strong>et</strong></span> <span class='ocrx_word' id='word_1_194' title='bbox 890 2787 993 2845; x_wconf 74' lang='lat' dir='ltr'><strong>miuus.</strong></span> <span class='ocrx_word' id='word_1_195' title='bbox 1035 2785 1094 2847; x_wconf 71' lang='lat' dir='ltr'><strong>sed</strong></span> <span class='ocrx_word' id='word_1_196' title='bbox 1109 2797 1152 2844; x_wconf 79' lang='lat' dir='ltr'><strong>est</strong></span> <span class='ocrx_word' id='word_1_197' title='bbox 1167 2785 1399 2851; x_wconf 85' lang='lat' dir='ltr'><strong>advertendum,</strong></span> 
     </span>
     <span class='ocr_line' id='line_1_27' title="bbox 295 2879 1397 2962; baseline -0.003 -19"><span class='ocrx_word' id='word_1_198' title='bbox 295 2883 382 2943; x_wconf 81' lang='lat' dir='ltr'><strong>aliter</strong></span> <span class='ocrx_word' id='word_1_199' title='bbox 405 2883 494 2942; x_wconf 90' lang='lat' dir='ltr'><strong>tribui</strong></span> <span class='ocrx_word' id='word_1_200' title='bbox 522 2883 599 2942; x_wconf 86' lang='lat' dir='ltr'><strong>hane</strong></span> <span class='ocrx_word' id='word_1_201' title='bbox 625 2879 833 2962; x_wconf 81' lang='lat' dir='ltr'><strong>proprietatem</strong></span> <span class='ocrx_word' id='word_1_202' title='bbox 859 2883 1005 2952; x_wconf 84' lang='lat' dir='ltr'><strong>relationi.</strong></span> <span class='ocrx_word' id='word_1_203' title='bbox 1031 2897 1120 2962; x_wconf 85' lang='lat' dir='ltr'><strong>quam</strong></span> <span class='ocrx_word' id='word_1_204' title='bbox 1146 2883 1304 2962; x_wconf 83' lang='lat' dir='ltr'><strong>qualitati;</strong></span> <span class='ocrx_word' id='word_1_205' title='bbox 1327 2883 1397 2943; x_wconf 79' lang='lat' dir='ltr'><strong>huii·</strong></span> 
     </span>
     <span class='ocr_line' id='line_1_28' title="bbox 297 2978 1398 3058; baseline -0.001 -20"><span class='ocrx_word' id='word_1_206' title='bbox 297 2981 374 3039; x_wconf 69' lang='lat' dir='ltr'><strong>anim</strong></span> <span class='ocrx_word' id='word_1_207' title='bbox 390 2981 541 3058; x_wconf 80' lang='lat' dir='ltr'><strong>rumpetit,</strong></span> <span class='ocrx_word' id='word_1_208' title='bbox 556 2981 626 3057; x_wconf 89' lang='lat' dir='ltr'><strong>quia</strong></span> <span class='ocrx_word' id='word_1_209' title='bbox 652 3001 718 3040; x_wconf 83' lang='lat' dir='ltr'><strong>vere</strong></span> <span class='ocrx_word' id='word_1_210' title='bbox 732 2989 775 3039; x_wconf 82' lang='lat' dir='ltr'><strong>est</strong></span> <span class='ocrx_word' id='word_1_211' title='bbox 798 2980 974 3040; x_wconf 84' lang='lat' dir='ltr'><strong>intensibilis</strong></span> <span class='ocrx_word' id='word_1_212' title='bbox 989 2990 1018 3040; x_wconf 90' lang='lat' dir='ltr'><strong>et</strong></span> <span class='ocrx_word' id='word_1_213' title='bbox 1043 2979 1233 3040; x_wconf 78' lang='lat' dir='ltr'><strong>remissibilis.</strong></span> <span class='ocrx_word' id='word_1_214' title='bbox 1277 2978 1398 3038; x_wconf 86' lang='lat' dir='ltr'><strong>Relatio</strong></span> 
     </span>
     <span class='ocr_line' id='line_1_29' title="bbox 296 3076 1397 3156; baseline -0.002 -18"><span class='ocrx_word' id='word_1_215' title='bbox 296 3091 395 3138; x_wconf 86' lang='lat' dir='ltr'><strong>autem</strong></span> <span class='ocrx_word' id='word_1_216' title='bbox 412 3099 469 3136; x_wconf 93' lang='lat' dir='ltr'><strong>uon</strong></span> <span class='ocrx_word' id='word_1_217' title='bbox 485 3089 528 3136; x_wconf 80' lang='lat' dir='ltr'><strong>est</strong></span> <span class='ocrx_word' id='word_1_218' title='bbox 542 3078 583 3136; x_wconf 86' lang='lat' dir='ltr'><strong>ita</strong></span> <span class='ocrx_word' id='word_1_219' title='bbox 600 3077 785 3148; x_wconf 76' lang='lat' dir='ltr'><strong>intensibilis,</strong></span> <span class='ocrx_word' id='word_1_220' title='bbox 801 3097 853 3136; x_wconf 72' lang='lat' dir='ltr'><strong>nei·</strong></span> <span class='ocrx_word' id='word_1_221' title='bbox 870 3077 981 3136; x_wconf 79' lang='lat' dir='ltr'><strong>ratione</strong></span> <span class='ocrx_word' id='word_1_222' title='bbox 994 3080 1050 3150; x_wconf 73' lang='lat' dir='ltr'><strong>arri,</strong></span> <span class='ocrx_word' id='word_1_223' title='bbox 1065 3098 1132 3136; x_wconf 83' lang='lat' dir='ltr'><strong>eum</strong></span> <span class='ocrx_word' id='word_1_224' title='bbox 1148 3098 1200 3156; x_wconf 90' lang='lat' dir='ltr'><strong>per</strong></span> <span class='ocrx_word' id='word_1_225' title='bbox 1214 3099 1245 3137; x_wconf 86' lang='lat' dir='ltr'><strong>se</strong></span> <span class='ocrx_word' id='word_1_226' title='bbox 1260 3097 1318 3134; x_wconf 91' lang='lat' dir='ltr'><strong>non</strong></span> <span class='ocrx_word' id='word_1_227' title='bbox 1334 3076 1397 3146; x_wconf 85' lang='lat' dir='ltr'><strong>liat,</strong></span> 
     </span>
     <span class='ocr_line' id='line_1_30' title="bbox 299 3172 1394 3253; baseline -0.002 -21"><span class='ocrx_word' id='word_1_228' title='bbox 299 3197 350 3236; x_wconf 81' lang='lat' dir='ltr'><strong>nea</strong></span> <span class='ocrx_word' id='word_1_229' title='bbox 373 3184 537 3253; x_wconf 80' lang='lat' dir='ltr'><strong>augeatur3</strong></span> <span class='ocrx_word' id='word_1_230' title='bbox 559 3194 611 3233; x_wconf 82' lang='lat' dir='ltr'><strong>nee</strong></span> <span class='ocrx_word' id='word_1_231' title='bbox 636 3173 964 3250; x_wconf 78' lang='lat' dir='ltr'><strong>rationasundameali;</strong></span> <span class='ocrx_word' id='word_1_232' title='bbox 986 3194 1056 3232; x_wconf 91' lang='lat' dir='ltr'><strong>nam</strong></span> <span class='ocrx_word' id='word_1_233' title='bbox 1071 3172 1141 3233; x_wconf 86' lang='lat' dir='ltr'><strong>lieet</strong></span> <span class='ocrx_word' id='word_1_234' title='bbox 1167 3173 1394 3232; x_wconf 72' lang='lat' dir='ltr'><strong>laudamentum</strong></span> 
     </span>
     <span class='ocr_line' id='line_1_31' title="bbox 299 3270 1398 3346; baseline -0.002 -17"><span class='ocrx_word' id='word_1_235' title='bbox 299 3272 479 3344; x_wconf 87' lang='lat' dir='ltr'><strong>intendatur,</strong></span> <span class='ocrx_word' id='word_1_236' title='bbox 494 3291 551 3330; x_wconf 90' lang='lat' dir='ltr'><strong>non</strong></span> <span class='ocrx_word' id='word_1_237' title='bbox 577 3281 619 3330; x_wconf 80' lang='lat' dir='ltr'><strong>rat</strong></span> <span class='ocrx_word' id='word_1_238' title='bbox 643 3291 757 3330; x_wconf 62' lang='lat' dir='ltr'><strong>neeeaae</strong></span> <span class='ocrx_word' id='word_1_239' title='bbox 782 3271 895 3330; x_wconf 90' lang='lat' dir='ltr'><strong>intendi</strong></span> <span class='ocrx_word' id='word_1_240' title='bbox 921 3270 1111 3330; x_wconf 83' lang='lat' dir='ltr'><strong>relationem:</strong></span> <span class='ocrx_word' id='word_1_241' title='bbox 1133 3270 1286 3330; x_wconf 88' lang='lat' dir='ltr'><strong>nonenim</strong></span> <span class='ocrx_word' id='word_1_242' title='bbox 1304 3270 1398 3346; x_wconf 79' lang='lat' dir='ltr'><strong>magis</strong></span> 
     </span>
     <span class='ocr_line' id='line_1_32' title="bbox 297 3368 1393 3448; baseline 0 -22"><span class='ocrx_word' id='word_1_243' title='bbox 297 3370 405 3431; x_wconf 61' lang='lat' dir='ltr'><strong>¹similia</strong></span> <span class='ocrx_word' id='word_1_244' title='bbox 429 3381 499 3430; x_wconf 88' lang='lat' dir='ltr'><strong>sunt</strong></span> <span class='ocrx_word' id='word_1_245' title='bbox 523 3369 583 3429; x_wconf 92' lang='lat' dir='ltr'><strong>duo</strong></span> <span class='ocrx_word' id='word_1_246' title='bbox 608 3368 678 3429; x_wconf 86' lang='lat' dir='ltr'><strong>alba</strong></span> <span class='ocrx_word' id='word_1_247' title='bbox 700 3369 825 3441; x_wconf 86' lang='lat' dir='ltr'><strong>intensa,</strong></span> <span class='ocrx_word' id='word_1_248' title='bbox 847 3381 881 3430; x_wconf 93' lang='lat' dir='ltr'><strong>ut</strong></span> <span class='ocrx_word' id='word_1_249' title='bbox 905 3379 980 3435; x_wconf 76' lang='lat' dir='ltr'><strong>(retii,</strong></span> <span class='ocrx_word' id='word_1_250' title='bbox 995 3391 1083 3448; x_wconf 90' lang='lat' dir='ltr'><strong>quam</strong></span> <span class='ocrx_word' id='word_1_251' title='bbox 1110 3381 1198 3429; x_wconf 85' lang='lat' dir='ltr'><strong>antea</strong></span> <span class='ocrx_word' id='word_1_252' title='bbox 1218 3390 1285 3428; x_wconf 82' lang='lat' dir='ltr'><strong>eum</strong></span> <span class='ocrx_word' id='word_1_253' title='bbox 1312 3382 1393 3428; x_wconf 83' lang='lat' dir='ltr'><strong>erant</strong></span> 
     </span>
     <span class='ocr_line' id='line_1_33' title="bbox 299 3465 1395 3547; baseline -0.005 -18"><span class='ocrx_word' id='word_1_254' title='bbox 299 3473 421 3542; x_wconf 78' lang='lat' dir='ltr'><strong>intensa,</strong></span> <span class='ocrx_word' id='word_1_255' title='bbox 437 3479 470 3529; x_wconf 92' lang='lat' dir='ltr'><strong>ut</strong></span> <span class='ocrx_word' id='word_1_256' title='bbox 492 3479 628 3547; x_wconf 88' lang='lat' dir='ltr'><strong>quatuor.</strong></span> <span class='ocrx_word' id='word_1_257' title='bbox 671 3467 699 3528; x_wconf 85' lang='grc' dir='ltr'>Ε</span> <span class='ocrx_word' id='word_1_258' title='bbox 722 3470 870 3529; x_wconf 86' lang='lat' dir='ltr'><strong>eontrario</strong></span> <span class='ocrx_word' id='word_1_259' title='bbox 893 3469 1056 3547; x_wconf 88' lang='lat' dir='ltr'><strong>aliquando</strong></span> <span class='ocrx_word' id='word_1_260' title='bbox 1070 3469 1146 3528; x_wconf 88' lang='lat' dir='ltr'><strong>liunt</strong></span> <span class='ocrx_word' id='word_1_261' title='bbox 1171 3465 1264 3545; x_wconf 80' lang='lat' dir='ltr'><strong>tnagis</strong></span> <span class='ocrx_word' id='word_1_262' title='bbox 1286 3466 1395 3526; x_wconf 78' lang='lat' dir='ltr'><strong>similia</strong></span> 
     </span>
     <span class='ocr_line' id='line_1_34' title="bbox 300 3563 1397 3646; baseline -0.007 -18"><span class='ocrx_word' id='word_1_263' title='bbox 300 3590 350 3646; x_wconf 90' lang='lat' dir='ltr'><strong>per</strong></span> <span class='ocrx_word' id='word_1_264' title='bbox 364 3567 562 3626; x_wconf 64' lang='lat' dir='ltr'><strong>remissionem</strong></span> <span class='ocrx_word' id='word_1_265' title='bbox 578 3567 764 3626; x_wconf 79' lang='lat' dir='ltr'><strong>luridamenti</strong></span> <span class='ocrx_word' id='word_1_266' title='bbox 781 3579 834 3626; x_wconf 89' lang='lat' dir='ltr'><strong>aut</strong></span> <span class='ocrx_word' id='word_1_267' title='bbox 851 3567 979 3636; x_wconf 86' lang='lat' dir='ltr'><strong>termini,</strong></span> <span class='ocrx_word' id='word_1_268' title='bbox 991 3565 1154 3644; x_wconf 87' lang='lat' dir='ltr'><strong>aliquando</strong></span> <span class='ocrx_word' id='word_1_269' title='bbox 1167 3585 1236 3624; x_wconf 84' lang='lat' dir='ltr'><strong>vero</strong></span> <span class='ocrx_word' id='word_1_270' title='bbox 1252 3563 1397 3623; x_wconf 87' lang='lat' dir='ltr'><strong>minuitur</strong></span> 
     </span>
     <span class='ocr_line' id='line_1_35' title="bbox 297 3665 472 3725; baseline 0 -1"><span class='ocrx_word' id='word_1_271' title='bbox 297 3665 472 3725; x_wconf 64' lang='lat' dir='ltr'><strong>similitudo.</strong></span> 
     </span>
    </p>

    <p class='ocr_par' dir='ltr' id='par_1_12' title="bbox 299 3762 1403 4326">
     <span class='ocr_line' id='line_1_36' title="bbox 340 3762 1398 3840; baseline 0 -18"><span class='ocrx_word' id='word_1_272' title='bbox 340 3762 406 3822; x_wconf 65' lang='lat' dir='ltr'><strong>Hos·</strong></span> <span class='ocrx_word' id='word_1_273' title='bbox 426 3783 494 3820; x_wconf 86' lang='lat' dir='ltr'><strong>vero</strong></span> <span class='ocrx_word' id='word_1_274' title='bbox 514 3763 608 3838; x_wconf 80' lang='lat' dir='ltr'><strong>magis</strong></span> <span class='ocrx_word' id='word_1_275' title='bbox 629 3773 658 3820; x_wconf 87' lang='lat' dir='ltr'><strong>et</strong></span> <span class='ocrx_word' id='word_1_276' title='bbox 682 3763 779 3820; x_wconf 83' lang='lat' dir='ltr'><strong>ruinas</strong></span> <span class='ocrx_word' id='word_1_277' title='bbox 802 3763 830 3820; x_wconf 79' lang='lat' dir='ltr'><strong>in</strong></span> <span class='ocrx_word' id='word_1_278' title='bbox 854 3762 1054 3828; x_wconf 70' lang='lat' dir='ltr'><strong>relationibus,</strong></span> <span class='ocrx_word' id='word_1_279' title='bbox 1071 3763 1257 3840; x_wconf 78' lang='lat' dir='ltr'><strong>prosequitur</strong></span> <span class='ocrx_word' id='word_1_280' title='bbox 1278 3765 1398 3823; x_wconf 65' lang='lat' dir='ltr'><strong>Saarna.</strong></span> 
     </span>
     <span class='ocr_line' id='line_1_37' title="bbox 299 3859 1403 3937; baseline 0 -19"><span class='ocrx_word' id='word_1_281' title='bbox 299 3882 356 3918; x_wconf 81' lang='lat' dir='ltr'><strong>iton</strong></span> <span class='ocrx_word' id='word_1_282' title='bbox 370 3872 412 3919; x_wconf 82' lang='lat' dir='ltr'><strong>ost</strong></span> <span class='ocrx_word' id='word_1_283' title='bbox 430 3869 548 3936; x_wconf 85' lang='lat' dir='ltr'><strong>propter</strong></span> <span class='ocrx_word' id='word_1_284' title='bbox 564 3861 749 3918; x_wconf 76' lang='lat' dir='ltr'><strong>r&#39;nlerurionern</strong></span> <span class='ocrx_word' id='word_1_285' title='bbox 763 3879 864 3917; x_wconf 86' lang='lat' dir='ltr'><strong>earum</strong></span> <span class='ocrx_word' id='word_1_286' title='bbox 880 3859 929 3916; x_wconf 77' lang='lat' dir='ltr'><strong>sed</strong></span> <span class='ocrx_word' id='word_1_287' title='bbox 947 3873 1066 3937; x_wconf 67' lang='lat' dir='ltr'><strong>propter</strong></span> <span class='ocrx_word' id='word_1_288' title='bbox 1089 3860 1282 3918; x_wconf 74' lang='lat' dir='ltr'><strong>rnrriulinnenr.</strong></span> <span class='ocrx_word' id='word_1_289' title='bbox 1315 3859 1403 3918; x_wconf 81' lang='lat' dir='ltr'><strong>uelu-</strong></span> 
     </span>
     <span class='ocr_line' id='line_1_38' title="bbox 300 3954 1396 4032; baseline -0.004 -18"><span class='ocrx_word' id='word_1_290' title='bbox 300 3957 339 4016; x_wconf 90' lang='lat' dir='ltr'><strong>tio</strong></span> <span class='ocrx_word' id='word_1_291' title='bbox 354 3956 431 4014; x_wconf 90' lang='lat' dir='ltr'><strong>enim</strong></span> <span class='ocrx_word' id='word_1_292' title='bbox 447 3954 637 4032; x_wconf 69' lang='lat' dir='ltr'><strong>aequalitatis</strong></span> <span class='ocrx_word' id='word_1_293' title='bbox 657 3957 778 4032; x_wconf 80' lang='lat' dir='ltr'><strong>proprie</strong></span> <span class='ocrx_word' id='word_1_294' title='bbox 802 3955 900 4013; x_wconf 72' lang='lat' dir='ltr'><strong>dii-tue</strong></span> <span class='ocrx_word' id='word_1_295' title='bbox 925 3976 981 4012; x_wconf 90' lang='lat' dir='ltr'><strong>non</strong></span> <span class='ocrx_word' id='word_1_296' title='bbox 998 3955 1121 4032; x_wconf 72' lang='lat' dir='ltr'><strong>sarsi-ipit</strong></span> <span class='ocrx_word' id='word_1_297' title='bbox 1147 3955 1240 4032; x_wconf 69' lang='lat' dir='ltr'><strong>tnagis</strong></span> <span class='ocrx_word' id='word_1_298' title='bbox 1254 3967 1284 4014; x_wconf 88' lang='lat' dir='ltr'><strong>ot</strong></span> <span class='ocrx_word' id='word_1_299' title='bbox 1299 3955 1396 4014; x_wconf 67' lang='lat' dir='ltr'><strong>nrum.-</strong></span> 
     </span>
     <span class='ocr_line' id='line_1_39' title="bbox 299 4051 1400 4130; baseline -0.004 -15"><span class='ocrx_word' id='word_1_300' title='bbox 299 4055 342 4128; x_wconf 76' lang='lat' dir='ltr'><strong>let</strong></span> <span class='ocrx_word' id='word_1_301' title='bbox 357 4052 433 4112; x_wconf 88' lang='lat' dir='ltr'><strong>idem</strong></span> <span class='ocrx_word' id='word_1_302' title='bbox 449 4064 492 4112; x_wconf 82' lang='lat' dir='ltr'><strong>est</strong></span> <span class='ocrx_word' id='word_1_303' title='bbox 506 4052 543 4111; x_wconf 89' lang='lat' dir='ltr'><strong>de</strong></span> <span class='ocrx_word' id='word_1_304' title='bbox 559 4053 687 4130; x_wconf 82' lang='lat' dir='ltr'><strong>perfecta</strong></span> <span class='ocrx_word' id='word_1_305' title='bbox 701 4051 912 4126; x_wconf 83' lang='lat' dir='ltr'><strong>similitudine)</strong></span> <span class='ocrx_word' id='word_1_306' title='bbox 928 4053 999 4130; x_wconf 77' lang='lat' dir='ltr'><strong>qiua</strong></span> <span class='ocrx_word' id='word_1_307' title='bbox 1016 4053 1046 4110; x_wconf 82' lang='lat' dir='ltr'><strong>in</strong></span> <span class='ocrx_word' id='word_1_308' title='bbox 1063 4051 1234 4111; x_wconf 73' lang='lat' dir='ltr'><strong>iuditii-sibili</strong></span> <span class='ocrx_word' id='word_1_309' title='bbox 1248 4052 1400 4112; x_wconf 69' lang='lat' dir='ltr'><strong>commu:</strong></span> 
     </span>
     <span class='ocr_line' id='line_1_40' title="bbox 299 4147 1399 4227; baseline 0 -19"><span class='ocrx_word' id='word_1_310' title='bbox 299 4171 368 4210; x_wconf 90' lang='lat' dir='ltr'><strong>nam</strong></span> <span class='ocrx_word' id='word_1_311' title='bbox 382 4149 406 4208; x_wconf 89' lang='lat' dir='ltr'><strong>si</strong></span> <span class='ocrx_word' id='word_1_312' title='bbox 431 4170 469 4208; x_wconf 83' lang='lat' dir='ltr'><strong>ex</strong></span> <span class='ocrx_word' id='word_1_313' title='bbox 493 4147 610 4208; x_wconf 83' lang='lat' dir='ltr'><strong>duobus</strong></span> <span class='ocrx_word' id='word_1_314' title='bbox 633 4148 809 4227; x_wconf 88' lang='lat' dir='ltr'><strong>aequalibus</strong></span> <span class='ocrx_word' id='word_1_315' title='bbox 833 4148 961 4208; x_wconf 89' lang='lat' dir='ltr'><strong>alterum</strong></span> <span class='ocrx_word' id='word_1_316' title='bbox 988 4161 1109 4222; x_wconf 80' lang='lat' dir='ltr'><strong>creseat,</strong></span> <span class='ocrx_word' id='word_1_317' title='bbox 1125 4169 1183 4207; x_wconf 91' lang='lat' dir='ltr'><strong>uun</strong></span> <span class='ocrx_word' id='word_1_318' title='bbox 1208 4148 1286 4208; x_wconf 88' lang='lat' dir='ltr'><strong>fiunt</strong></span> <span class='ocrx_word' id='word_1_319' title='bbox 1302 4149 1399 4208; x_wconf 78' lang='lat' dir='ltr'><strong>minus</strong></span> 
     </span>
     <span class='ocr_line' id='line_1_41' title="bbox 299 4245 1401 4326; baseline -0.001 -19"><span class='ocrx_word' id='word_1_320' title='bbox 299 4246 444 4326; x_wconf 81' lang='lat' dir='ltr'><strong>aequalia,</strong></span> <span class='ocrx_word' id='word_1_321' title='bbox 458 4245 510 4307; x_wconf 84' lang='lat' dir='ltr'><strong>sed</strong></span> <span class='ocrx_word' id='word_1_322' title='bbox 525 4246 602 4325; x_wconf 91' lang='lat' dir='ltr'><strong>perit</strong></span> <span class='ocrx_word' id='word_1_323' title='bbox 615 4245 798 4324; x_wconf 87' lang='lat' dir='ltr'><strong>aequalitas:</strong></span> <span class='ocrx_word' id='word_1_324' title='bbox 820 4245 1021 4324; x_wconf 85' lang='lat' dir='ltr'><strong>inaequalitas</strong></span> <span class='ocrx_word' id='word_1_325' title='bbox 1035 4265 1106 4307; x_wconf 91' lang='lat' dir='ltr'><strong>vero</strong></span> <span class='ocrx_word' id='word_1_326' title='bbox 1119 4265 1181 4306; x_wconf 83' lang='lat' dir='ltr'><strong>esee</strong></span> <span class='ocrx_word' id='word_1_327' title='bbox 1195 4255 1291 4324; x_wconf 86' lang='lat' dir='ltr'><strong>potest</strong></span> <span class='ocrx_word' id='word_1_328' title='bbox 1306 4247 1401 4325; x_wconf 87' lang='lat' dir='ltr'><strong>major</strong></span> 
     </span>
    </p>
   </div>
   <div class='ocr_carea' id='block_1_6' title="bbox 0 0 1602 4950">
    <p class='ocr_par' dir='ltr' id='par_1_13' title="bbox 0 0 1602 4950">
     <span class='ocr_line' id='line_1_42' title="bbox 0 0 1602 4950; baseline 0 0"><span class='ocrx_word' id='word_1_329' title='bbox 0 0 1602 4950; x_wconf 95' lang='lat' dir='ltr'><strong> </strong></span> 
     </span>
    </p>
   </div>
  </div>
 </body>
</html>
