3118 4956
332 441 388 500 roo
824 446 943 524 coquo.

342 633 356 744 ς’
453 637 601 711 “off”
638 641 650 716 [
736 638 988 698 “camp'’
1021 639 1073 711 M„
1097 639 1259 717 Propositio
1287 636 1432 798 {pm

338 745 349 770 s
454 717 603 777 ·¹‘S=o’'
762 719 805 780 “S
850 745 884 770 =
940 719 987 774 θ”
1019 740 1062 792 οι,
1065 720 1260 798 ,Asacmph'o

342 781 600 874 (Erpo“S=P'’
631 717 694 873 i

663 799 765 877 Mrpo‘
768 801 920 860 ‘Snon-
887 827 920 850 =
936 799 988 859 P”
1012 767 1071 876 103,
1097 799 1246 860 Conclusio

767 931 814 972 sc:
834 911 1015 990 exprimitur
1036 912 1067 971 ἱο

368 1005 419 1078 M,
429 1003 431 1007 ’
502 1010 712 1068 “coenonema
727 1008 787 1085 (vel
803 1029 862 1068 οοο
876 1009 1075 1086 continetur)
1067 1029 1097 1068 m
1113 1009 1168 1069 P.”

366 1123 419 1174 m„
701 1105 935 1166 “Senonum
928 1107 1017 1166 ind.”

372 1197 419 1272 O„
461 1209 692 1280 consequenter
694 1203 898 1262 ‘Scootinotur
912 1202 974 1274 (vel
990 1224 1049 1262 noo
1063 1202 1260 1278 continetur)'
1253 1225 1283 1263 rn
1299 1203 1355 1263 P.”

329 1297 406 1356 (ff.
390 1298 530 1376 ‹xempla
545 1299 608 1377 (nn.
626 1300 708 1375 206.)
927 1313 929 1322 ’
1355 1325 1359 1334 ·

371 1394 420 1454 Ex
435 1395 523 1456 dictis
537 1395 674 1474 colliges:
1165 1434 1179 1442 .,

369 1490 492 1552 Primo.
494 1491 558 1552 -In
573 1491 754 1572 Syllogismo
768 1514 830 1560 uon
843 1515 927 1572 posse
940 1494 1016 1566 dari,
1032 1495 1086 1554 nisi
1102 1501 1157 1555 tros
1170 1447 1315 1566 dominos,
1329 1504 1358 1554 et
1372 1503 1427 1554 cre

325 1590 538 1665 propositiones.
1168 1631 1171 1636 -
1347 1613 1350 1626 ·

365 1682 689 1760 Secundo—Medium
712 1685 872 1756 terminum
888 1685 931 1746 hos
951 1689 1042 1764 repeti
1055 1687 1086 1745 in
1109 1687 1286 1795 praemissis,
1299 1687 1403 1747 cernel
1395 1707 1424 1745 m

247 1845 251 1850 ,
329 1780 542 1859 Propositione,
556 1783 693 1860 comedin
713 1784 937 1861 assumptione;
958 1804 1116 1863 numqroom
1130 1803 1201 1843 vcro
1222 1782 1360 1855 inveniri,
1374 1794 1425 1842 aut

327 1878 455 1938 inveniri
469 1880 598 1958 possein
612 1880 824 1940 conclusione:
838 1880 1001 1958 Suhjcctum
1015 1901 1086 1940 vero
1100 1892 1130 1941 et
1144 1880 1350 1940 Ihmdrhocom
1359 1899 1425 1940 oon·

325 1976 465 2037 clusionis
478 1976 523 2037 cio
537 1997 661 2066 quoque
682 1980 781 2056 repeti,
794 1977 907 2038 socul'
900 1998 930 2037 m
954 1978 1131 2056 praemissis,
1144 1978 1259 2038 ocnoel'
1252 1997 1283 2036 m
1309 1977 1424 2037 conclu·

326 2074 414 2132 sione.

365 2169 475 2231 Tertio
477 2172 581 2232 -Lur
600 2173 823 2234 enunciationes
846 2171 925 2245 illae,
939 2193 1017 2252 quae
1039 2172 1213 2250 praemissas
1229 2173 1290 2248 (set
1313 2181 1423 2232 antece·

325 2266 412 2341 dens)
426 2276 457 2326 et
470 2287 650 2346 consequens
660 2255 845 2346 exprimunt,
858 2279 889 2328 et
899 2267 1019 2328 termini
1028 2267 1224 2330 multifariam
1236 2269 1423 2328 denominen-

329 2374 385 2424 tur.
429 2365 519 2440 Quod
528 2365 552 2424 si
568 2353 741 2444 penitiorem
753 2376 828 2425 etex
844 2367 909 2444 ipsa
923 2366 963 2425 rei
981 2376 1089 2426 notura
1103 2365 1290 2444 desumptam
1305 2385 1421 2426 canmm

325 2459 433 2518 harum
448 2461 725 2534 denominationum
740 2461 909 2540 quaesieris,
918 2461 997 2521 hanc
1011 2461 1114 2540 accipe
1127 2481 1165 2520 ex
1179 2461 1212 2522 S.·
1225 2460 1352 2535 Thomu,
1362 2461 1422 2528 (De

324 2556 497 2636 syllogismo
511 2558 568 2636 Op.
583 2559 646 2626 44.)
663 2559 762 2634 Quem
778 2559 886 2631 locum,
901 2569 936 2619 ut
949 2569 984 2618 ut
998 2559 1172 2637 longiorem,
1185 2569 1286 2620 tamen
1302 2572 1420 2638 propter

326 2653 556 2715 declarationem
571 2675 684 2727 eorum,
699 2675 776 2734 quae
789 2656 839 2715 hic
853 2654 995 2728 diximus,
1010 2666 1165 2728 eteorum,
1180 2675 1259 2734 quae
1270 2677 1363 2736 supra
1377 2659 1418 2733 (n.

328 2751 408 2825 149.)
423 2750 584 2823 innuimus,
600 2750 708 2811 referre
722 2751 848 2812 iuvabit
888 2751 939 2812 Sic
954 2753 1047 2830 igitur
1060 2751 1090 2812 S.
1105 2751 1243 2812 Ductor..

366 2849 432 2908 235.
476 2846 546 2907 “Ad
568 2847 721 2908 sciendum
744 2857 843 2908 autem
868 2868 971 2910 causas
984 2848 1133 2909 dictorum
1156 2851 1322 2920 nominum,
1335 2849 1423 2910 scien-

325 2945 396 3004 dum
412 2945 490 3024 quod
514 2945 604 3006 homo
617 2946 656 3006 sit
678 2946 837 3005 cennaco.
881 2945 1000 3028 Dicitur
1021 2957 1121 3009 autem
1143 2947 1298 3006 rohhaohir
1312 2959 1342 3006 et
1365 2967 1422 3006 non

328 3045 546 3104 irttelleoltmlis:
580 3045 651 3124 quia
678 3045 834 3104 immicos
861 3043 1060 3122 apprehendit
1083 3043 1146 3104 sine
1169 3043 1323 3104 discursu:
1351 3046 1424 3103 ratio

330 3163 399 3202 vero
414 3141 483 3202 licet
498 3162 555 3202 non
571 3143 610 3203 sit
623 3142 685 3201 alia
708 3142 841 3220 potentia
855 3142 894 3200 ab
918 3140 1081 3214 intellectu,
1096 3151 1194 3200 tamen
1219 3140 1331 3201 dicitur
1343 3144 1426 3212 rotie.

326 3238 396 3316 quio
411 3239 554 3316 quioquid
576 3237 784 3317 apprehendit,
799 3237 997 3316 apprehendit
1018 3257 1086 3298 cum
1108 3237 1259 3298 discursu:
1282 3257 1341 3298 uon
1357 3258 1425 3316 ergo

325 3337 408 3396 veuit
430 3337 468 3395 ad
488 3336 643 3414 perfectum
658 3333 921 3414 apprehensionem
946 3335 1074 3414 alicujus
1097 3335 1148 3406 rei,
1165 3334 1220 3394 nisi
1242 3334 1424 3396 discurrata

327 3437 419 3511 maye
441 3443 510 3492 noto
531 3431 569 3492 ad
594 3435 692 3492 moinus
712 3441 825 3492 notum.
868 3431 964 3492 Verbi
989 3431 1097 3510 gretia,
1123 3431 1162 3491 ad
1187 3433 1421 3510 cognoscendum

324 3531 452 3607 perfecte
465 3529 537 3608 quid
559 3530 598 3589 sit
620 3529 710 3600 homo,
725 3531 822 3608 primo
845 3527 1050 3606 intelligimus,
1065 3527 1144 3606 quod
1167 3529 1290 3600 sitens3
1318 3529 1425 3589 deiude

326 3628 404 3705 quod
428 3628 467 3686 sit
479 3625 640 3686 subnotatio
650 3648 660 3695 ,·
681 3625 788 3686 deinde
802 3625 881 3704 quod
902 3626 941 3686 sit
954 3646 1057 3704 corpus
1066 3647 1077 3696 ;
1099 3625 1207 3686 deinde
1220 3625 1304 3703 quod¹
1313 3626 1353 3686 sit
1362 3629 1425 3686 oui-

326 3733 432 3783 aurium
447 3744 549 3800 corpus
556 3744 566 3793 ;
588 3722 695 3783 deinde
709 3723 824 3782 animal
832 3745 842 3793 ,·
864 3721 972 3782 deindo
985 3723 1157 3792 recuruum
1171 3721 1256 3782 etsie
1271 3723 1423 3784 veniemus

325 3821 355 3878 in
380 3820 577 3898 coguitionem
608 3818 737 3878 hominis
758 3817 959 3879 discurrendo.
1001 3818 1072 3878 Sive
1093 3829 1192 3878 autem
1217 3817 1287 3878 talis
1315 3820 1424 3878 ‹liseur-

324 3937 374 3976 sus
396 3917 452 3976 fiat
462 3919 524 3974 siue
546 3915 737 3992 complexione
750 3935 797 3974 sc:
820 3915 1014 3994 intelligendo
1030 3937 1088 3986 erro,
1101 3915 1300 3977 subslonliom.
1315 3937 1424 3993 corpus,

325 4023 379 4074 etc.
394 4033 452 4073 nou
469 4013 606 4091 ponendo
620 4013 663 4071 ihi
677 4013 752 4072 '‘ost”
769 4023 803 4072 ut
815 4033 862 4073 sc:
885 4033 943 4072 non
957 4013 1093 4072 dicamus
1108 4012 1177 4070 “hoo
1190 4019 1229 4072 est
1243 4011 1325 4074 lcomo
1334 4013 1362 4073 :”
1377 4013 1422 4072 vel

326 4109 377 4170 liat
390 4129 455 4168 cam
476 4108 676 4186 complecioue,
696 4108 772 4168 nihil
795 4107 834 4168 ad
857 4109 1058 4187 propositum:
1079 4107 1188 4168 sufficit
1210 4108 1290 4186 quod
1313 4109 1423 4170 discur-

326 4206 416 4268 rendo
440 4206 652 4284 intelligemus,
666 4216 696 4265 et
717 4205 786 4266 tulis
804 4206 953 4266 discursus
967 4218 1011 4265 est
1035 4227 1053 4264 u
1067 4205 1160 4282 mopso
1181 4215 1251 4264 noto
1275 4204 1315 4265 ad
1328 4208 1425 4265 mimo*

325 4305 458 4366 notum.”
