3172 4950
339 409 376 470 18
830 406 953 486 Lopicc.

337 605 369 662 ia
384 600 596 680 praedicando,
611 610 645 661 ut
666 609 710 661 est
731 609 841 661 natura
854 620 884 662 v.
898 623 925 680 g.
941 601 1080 674 hominis,
1094 621 1180 680 quae,
1194 601 1266 680 quia
1280 601 1435 662 invenitur

335 700 367 758 in
381 697 475 771 Sorte,
496 697 632 770 Platone,
654 697 818 776 Leucippo,
828 707 883 758 etc.
904 697 941 757 de
962 697 1008 758 his
1029 697 1201 777 praedicari*
1210 719 1260 758 seu
1282 697 1434 758 enunciari

336 805 440 874 potest,
453 794 560 874 ajendo
574 794 667 854 Sortes
677 800 716 854 est
726 793 816 868 honio,
826 793 911 854 Paeo
925 801 965 854 est
978 793 1068 868 Ιιοηιο,
1080 795 1248 874 Leucippus
1258 801 1297 856 est
1310 795 1391 856 Ιιονηο
1406 843 1412 854 .
1429 843 1437 854 .

338 890 460 952 Relictis
475 889 624 970 prioribus
638 889 742 964 tribus,
756 891 806 951 hic
820 901 938 951 tantum
954 891 1145 952 tractandum
1159 893 1244 952 venit
1256 889 1294 952 de
1307 885 1436 953 Univer-

274 1027 277 1033 -
335 987 391 1048 sali
412 988 443 1047 in
458 985 579 1047 essendo
594 997 624 1047 et
638 987 848 1065 praedicanda,
869 986 907 1048 de
927 1008 986 1066 quo
999 988 1162 1067 quaeritur
1175 989 1248 1068 quid
1269 989 1318 1062 sit,
1331 999 1437 1068 quotu-

337 1083 405 1162 plex
427 1083 529 1143 situel
554 1067 721 1162 quatriplioi
743 1084 858 1144 ratione
881 1083 1098 1145 denominetur.
1140 1085 1186 1146 cf.
1207 1085 1327 1147 Suarea
1341 1085 1381 1147 D.
1397 1107 1435 1145 ιιι.

337 1197 381 1241 vr.
395 1177 685 1240 s.·v111.—'loletum
700 1179 748 1240 De
761 1179 854 1242 Univ.
869 1201 896 1258 q.
914 1181 940 1242 1.

375 1377 468 1438 Drco
484 1375 551 1437 1.-
557 1375 722 1438 Universale
734 1375 807 1454 jure
820 1377 975 1455 merdoque
988 1369 1177 1435 dealbetur:
1199 1382 1217 1406 ‘⁶
1226 1373 1323 1438 Unam
1336 1379 1437 1454 aptam.

337 1476 425 1533 inesse
438 1473 536 1532 multia
550 1480 575 1532 et
583 1469 755 1550 praedicari
768 1469 805 1530 de
817 1471 915 1531 ηιιιλείε
927 1473 1045 1532 univoce
1059 1479 1086 1532 et
1099 1470 1241 1534 divisim?

477 1567 665 1646 (Sumiturex
680 1567 775 1627 Arist
789 1567 911 1646 ejusque
923 1566 1099 1628 Commeat:
1119 1568 1152 1627 in
1166 1567 1294 1648 Organ.)

468 1762 675 1841 Explicantur
688 1760 808 1840 singula
822 1760 923 1822 verba.

377 1861 424 1920 32.
466 1859 590 1922 Dicitur
602 1877 665 1920 1.-
672 1858 788 1921 Unum:
809 1860 882 1939 quia
895 1859 937 1932 id,
948 1859 1028 1939 quod
1040 1860 1208 1922 universale
1218 1859 1338 1935 dicitur,
1348 1861 1439 1924 debet

337 1955 875 2028 esseunanaturavelforrna,eodem
889 1955 1038 2018 vocabulo
1046 1977 1194 2038 expressa
1230 1957 1435 2034 Quamobrem

335 2077 354 2116 a
368 2055 540 2116 definitione
560 2054 747 2128 universalis,
762 2053 1123 2135 excluduntur-primo:
1145 2055 1246 2118 omnia
1260 2057 1435 2137 aequivoca:

336 2154 417 2234 quia,
432 2152 503 2214 licet
516 2153 619 2214 eodem
634 2154 754 2214 nornine
766 2153 983 2233 significentur,
997 2154 1075 2214 ratio
1095 2164 1195 2215 tamen
1210 2175 1264 2234 per
1277 2175 1385 2216 nomen
1400 2157 1436 2216 si-

335 2250 479 2330 gnificata
503 2259 547 2310 est
570 2249 746 2328 simpliciter
769 2239 1140 2312 diversa—euoluduntur¹
1156 2250 1304 2324 sccundo;
1335 2253 1448 2334 omnia

338 2347 469 2428 analoga
481 2348 544 2408 sive
559 2347 757 2426 proportionis
771 2347 833 2408 sive
847 2346 1053 2409 attributionis
1066 2367 1120 2426 per
1134 2347 1331 2408 extrinsecam
1352 2345 1437 2406 habi·

336 2444 489 2517 tudinem;
510 2444 622 2523 quippe
634 2443 740 2517 forma,
755 2463 832 2523 quae
845 2442 883 2503 de
896 2441 1055 2523 analogiae
1075 2445 1216 2504 extremis
1236 2443 1436 2522 praedicatur,

338 2559 398 2601 non
412 2549 456 2600 est
475 2538 651 2618 simpliciter
675 2559 745 2613 una,
759 2536 828 2600 cuni
848 2539 888 2600 sit
901 2539 949 2601 vel
971 2537 1148 2618 simpliciter
1170 2539 1298 2613 diversa,
1312 2538 1361 2600 vel
1383 2539 1433 2599 uni

336 2647 455 2698 tantum
469 2645 671 2697 extremorum
682 2637 813 2715 proprie,
826 2635 895 2696 aliis
908 2656 979 2698 vero
993 2635 1183 2715 mdcpltcn'ce
1197 2644 1317 2700 tantum
1332 2657 1434 2698 conve

336 2733 409 2793 niat.
453 2733 516 2811 (nn.
532 2733 579 2793 23.
596 2732 659 2806 24.)

378 2829 499 2890 Dicitur
513 2829 710 2908 11.-Aptum‚
725 2837 759 2890 ut
779 2827 928 2890 indicetur
948 2827 988 2890 ad
1009 2829 1155 2891 rationem
1178 2829 1355 2891 universalis
1376 2851 1432 2890 non

338 2925 458 3004 requiri,
473 2936 507 2987 ut
520 2926 618 2986 torma
632 2924 695 3000 illa,
710 2945 787 3005 quae
801 2925 978 2987 universalis
992 2925 1113 2999 dicitur,
1126 2926 1164 2986 de
1178 2926 1259 2988 facto
1272 2927 1311 2987 sit
1324 2927 1355 2986 in
1370 2926 1435 3005 plu·

338 3020 419 3081 ribus
433 3032 487 3080 aut
501 3021 538 3082 de
551 3020 689 3100 pluribus
702 3021 891 3100 praedicetur
903 3043 911 3094 ;
924 3021 975 3082 sed
989 3019 1133 3095 sufficere,
1146 3032 1181 3083 ut
1194 3022 1286 3101 possit
1299 3020 1435 3100 pluriora

337 3119 429 3179 inesse
449 3129 503 3180 aut
516 3119 554 3179 de
567 3118 704 3198 pluribus
717 3119 895 3199 praedicari.
939 3118 1023 3188 Hinc
1037 3129 1147 3180 natura
1160 3118 1237 3180 Solis
1257 3117 1433 3180 universalis

337 3228 399 3279 est:
413 3237 493 3291 nam,
504 3217 558 3278 etsi
572 3217 610 3277 de
623 3217 703 3278 facto
717 3238 777 3278 nou
792 3218 959 3297 reperiatur
972 3217 1028 3277 nisi
1044 3218 1075 3277 in
1088 3237 1149 3278 uno
1164 3215 1331 3290 individuo,
1341 3227 1432 3295 potest

337 3324 446 3388 tamen,
461 3314 596 3376 absolute
610 3313 768 3394 loquendo,
780 3315 811 3374 in
826 3313 963 3394 pluribus
976 3313 1114 3374 in‘veniri.
1157 3313 1362 3390 Quamobrem
1378 3334 1435 3372 rne-

338 3412 395 3472 rito
416 3413 555 3472 observat
568 3411 597 3472 S.
613 3409 762 3472 Thomas:
785 3412 910 3472 “Omnis
931 3412 1028 3472 forma
1049 3413 1079 3471 in
1101 3411 1261 3490 Supposito
1282 3410 1434 3489 Singulari

337 3509 474 3582 existens,
486 3527 539 3585 per
549 3509 628 3587 quod
639 3508 858 3580 individuatur,
867 3509 1032 3569 communis
1041 3518 1084 3568 est
1099 3508 1201 3568 multis
1214 3507 1258 3569 vel
1271 3507 1432 3568 secundum

337 3603 409 3676 rein,
430 3603 479 3664 vel
501 3604 663 3664 secuudum
687 3607 833 3664 rationem
858 3604 983 3664 saltem:
1004 3605 1082 3665 sicut
1105 3615 1214 3664 natura
1238 3605 1372 3664 humana
1392 3619 1432 3664 est

337 3700 502 3759 communis
517 3699 619 3760 multis
633 3700 795 3760 secundum
810 3721 872 3760 rem
887 3710 917 3761 et
932 3701 1077 3762 rationem
1090 3723 1097 3772 ;
1118 3710 1229 3762 natura
1243 3709 1343 3760 autem
1357 3699 1434 3761 Solis¹

339 3807 396 3858 nnn
411 3807 455 3858 est
468 3799 633 3858 communis
647 3797 750 3857 multis
770 3797 933 3858 secundum
948 3818 1019 3872 rem,
1033 3798 1083 3858 sed
1105 3797 1267 3859 secuudum
1290 3797 1433 3858 rationem

337 3904 465 3955 tantum.
507 3892 609 3955 Potest
623 3895 701 3955 enim
723 3904 833 3954 natura
852 3893 930 3955 Solis
951 3894 1088 3974 intelligi,
1104 3905 1138 3955 ut
1158 3895 1188 3954 in
1211 3893 1347 3974 pluribus
1361 3893 1436 3972 Sup-

338 3989 439 4068 positis
460 3991 604 4062 existens;
632 4001 662 4050 et
682 3990 739 4050 hoc
759 3989 835 4063 ideo,
849 3991 921 4070 quia
942 3990 1110 4052 intellectus
1132 3991 1273 4071 intelligit
1294 4002 1433 4052 naturam

338 4085 495 4166 cujuslibet
505 4087 611 4166 speciei
620 4107 674 4166 per
682 4086 911 4149 abstractionem
922 4107 941 4146 a
951 4087 1105 4167 singulari.
1120 4088 1162 4165 (n.
1174 4087 1235 4164 19.)
1271 4087 1361 4150 Unde
1375 4108 1434 4148 asse

338 4185 368 4243 in
382 4204 442 4246 uno
456 4183 616 4264 Supposito
629 4183 775 4263 singulari
790 4184 837 4245 vel
853 4185 884 4245 in
901 4184 1038 4264 pluribus
1052 4197 1095 4246 est
1109 4197 1226 4264 praeter
1248 4184 1432 4246 intellectum

339 4282 372 4358 (i.
386 4301 410 4342 c.
426 4281 616 4360 conseptum)
632 4292 758 4342 naturae
772 4283 887 4360 speciei.
931 4281 1028 4355 Unde,
1042 4293 1159 4343 servato
1181 4282 1333 4343 intellectu
1348 4295 1434 4344 natu·
