3172 4950
322 442 360 500 48
818 439 935 518 βορίου.

322 657 369 694 me
383 637 543 715 conjuncta
557 649 642 708 suut;
665 637 775 716 quippe
798 637 923 696 intensio
938 635 985 694 vel
1001 636 1131 695 remissio
1145 657 1182 694 ex
1208 635 1425 696 contrariorum

324 733 467 793 mixtione
492 736 679 813 proveniunt.
722 735 798 794 Cum
815 733 906 810 igitur
929 733 1080 812 quantitas
1096 753 1153 792 uon
1180 732 1270 792 habet
1284 733 1426 792 contrari-

324 851 383 903 um,
399 851 578 909 consequens
605 843 657 902 est,
673 841 706 890 ut
729 851 786 889 uon
802 829 944 908 suscipiat
966 829 1062 907 tnagis
1078 829 1123 890 vel
1140 829 1246 888 minus.
1290 828 1424 903 Quamo-

323 927 404 986 brem
432 926 502 987 licet
528 929 680 1006 quantitas
705 928 796 1005 possit
810 947 938 986 crescere
959 935 989 986 et
1003 926 1106 996 annui,
1122 935 1212 1004 atque
1237 925 1347 984 idcirco
1361 925 1424 984 fieri

324 1024 414 1102 irtajor
429 1022 475 1082 vel
499 1027 609 1094 initiam
632 1045 690 1083 non
713 1033 869 1102 propterea
896 1033 994 1082 taurea
1017 1022 1124 1082 evadet
1146 1025 1239 1100 anagia
1253 1021 1424 1098 quantitas:

324 1119 448 1180 minima
462 1121 539 1180 enim
555 1121 707 1199 quantitas
721 1141 813 1198 aeque
829 1120 956 1198 perfecta
972 1129 1016 1178 cst
1029 1139 1065 1178 ac
1080 1119 1213 1178 maxima
1228 1119 1379 1198 quantitas
1395 1119 1423 1176 in
1458 1197 1463 1208 Ι

322 1217 425 1276 eadem
438 1219 543 1296 specie.

362 1312 464 1375 Tertia
485 1315 748 1376 est—Secundum
774 1315 972 1392 quantitatem
995 1335 1039 1372 rea
1062 1313 1200 1372 dicantar
1223 1315 1354 1392 aequales
1379 1315 1422 1374 ael

309 1407 461 1492 'irmeqaol
489 1461 494 1472 .
538 1411 574 1472 Id
599 1412 752 1492 proprium
779 1421 822 1470 est
847 1410 1031 1490 quantitatis
1074 1410 1154 1470 Nam
1181 1431 1248 1470 cum
1273 1411 1337 1489 ipsa
1351 1411 1423 1469 l'acit

321 1508 487 1588 ¹subjectum
517 1510 714 1582 nrmmurabile,
743 1508 841 1568 reddit
869 1508 944 1568 illud
973 1521 1184 1590 consequenter
1218 1506 1344 1586 aequale
1375 1507 1422 1566 vel

322 1605 478 1684 inaequale
493 1606 588 1668 alteri.
631 1605 710 1666 Nam
727 1605 866 1684 aequalia
880 1615 967 1664 sunt:
991 1609 1086 1682 “quae
1101 1605 1284 1665 conveniunt
1299 1605 1327 1662 in
1344 1625 1424 1664 rnen-

321 1703 426 1774 sura;’'
464 1703 633 1783 inaequalia
662 1723 749 1773 ver0;
772 1708 866 1782 “quae
894 1701 1065 1779 discrepant
1093 1702 1121 1760 in
1152 1703 1317 1762 mensura.”
1360 1701 1424 1762 Hic

322 1821 415 1861 unum
428 1801 548 1874 adnata,
560 1801 638 1879 quod
651 1800 826 1879 aequalitas,
840 1798 1092 1877 quemadmodum
1104 1809 1134 1858 et
1145 1800 1307 1877 quantitas,
1319 1798 1423 1858 tribui·

324 1908 371 1957 tur
386 1896 474 1956 etiam
501 1895 587 1956 rebus
611 1896 834 1976 spiritualibus;
857 1907 888 1956 at
910 1895 1099 1974 tractaplwrice
1114 1907 1240 1956 tantum.
1283 1898 1332 1956 Sic
1348 1896 1421 1956 dici·

326 2016 406 2067 mus3
430 1994 511 2054 Dens
526 2015 657 2072 ariagnae,
681 1994 828 2054 Personae
851 1993 982 2052 Divinae
996 2005 1066 2052 sunt
1088 1993 1227 2072 aegialea,
1242 1979 1340 2070 gratia
1355 1991 1421 2052 BB.

325 2090 458 2170 Virginis
482 2099 599 2170 superat
617 2113 735 2152 omnem
760 2092 887 2170 gratiam
918 2090 1044 2170 Angelis
1071 2103 1100 2150 et
1128 2090 1245 2150 Sanctis
1272 2090 1423 2150 collatam.

322 2188 485 2263 Quantitas
508 2189 557 2267 huj
565 2189 679 2248 asmodi
705 2177 816 2248 dicitnr
838 2189 984 2268 qnomilae
1001 2189 1114 2246 sirudis
1127 2196 1156 2246 et
1181 2187 1280 2246 dill'ert
1294 2207 1312 2246 a
1326 2207 1418 2264 quan-

323 2285 409 2344 titate
422 2285 512 2354 melia,
526 2285 564 2344 de
577 2305 637 2362 qua
652 2285 803 2362 hucusque
818 2284 980 2362 egimus-

500 2767 505 2778 '
585 2787 630 2830 aa
645 2785 928 2828 rnnaurcnnanao
943 2785 990 2826 nn
1006 2783 1152 2837 antonin.

432 2962 595 3025 laetationis
611 2963 1104 3040 aaturta—pcrtur·0-⁶pr0prierara
1119 2960 1310 3020 elucidantur.

363 3157 408 3216 66.
452 3156 522 3218 “Ad
547 3156 662 3234 aliquid
688 3156 845 3233 [sumendo
868 3163 1026 3215 concretum
1049 3176 1103 3234 pro
1129 3156 1267 3215 adstructo
1283 3159 1326 3232 (n.
1342 3155 1421 3234 60.)]

321 3263 400 3326 sunt,
415 3253 523 3332 quibus
534 3253 589 3314 hoc
601 3255 697 3332 ipsum
709 3265 832 3324 estesse,
844 3252 946 3330 aliquo
958 3252 1045 3312 modo
1056 3273 1086 3312 se
1095 3251 1205 3312 habere
1215 3253 1253 3312 ad
1266 3252 1381 3330 aliquid
1395 3251 1421 3320 ;”

322 3353 365 3412 ait
389 3351 597 3430 Philosophus.
641 3351 720 3412 Aliis
749 3351 863 3422 verbis;
899 3355 953 3410 “ea
980 3349 1123 3410 dicuntur
1148 3351 1185 3410 ad
1211 3349 1326 3428 aliquid
1353 3350 1370 3408 i.
1397 3371 1421 3408 e.

323 3447 450 3520 relatiua,
465 3467 592 3525 quorum
618 3458 727 3510 natura
750 3456 801 3520 est,
817 3447 854 3508 ad
870 3447 994 3526 aliquid,
1010 3447 1111 3526 aliquo
1127 3448 1223 3520 modo,
1238 3469 1268 3507 se
1283 3447 1420 3508 habere.”

364 3541 485 3603 Exinde
511 3543 656 3612 deducere
677 3545 741 3624 jam
768 3544 885 3622 poteris.

362 3638 620 3703 Prima-Unum
650 3640 809 3703 relativum
838 3661 897 3700 non
915 3651 998 3721 posse
1026 3641 1141 3721 definite
1167 3621 1183 3702 i'.
1210 3664 1233 3702 e.
1262 3641 1424 3721 particula-

322 3734 395 3794 riter
421 3745 451 3794 et
478 3735 674 3800 determinate
702 3737 847 3816 cognosci,
876 3738 931 3798 nisi
957 3748 1153 3818 cognoscatur
1184 3739 1299 3820 definite
1329 3739 1422 3818 ipsius

321 3829 541 3891 correlativum.
583 3830 621 3892 1d
643 3842 741 3912 patet:
764 3833 875 3912 a)—ex
892 3833 1057 3912 definitione
1080 3855 1149 3894 mcx
1175 3835 1294 3896 tradita.
1337 3835 1418 3896 Nam

321 3928 461 4008 quoniam
485 3937 594 3990 natura
617 3951 729 4004 eorum,
744 3951 820 4014 quae
840 3941 911 3994 suut
935 3931 973 3992 ad
995 3930 1120 4010 aliquid,
1143 3943 1206 3992 tota
1233 3943 1276 3992 est
1304 3933 1345 3992 od
1367 3935 1422 3994 cli-

324 4023 381 4098 ad,·
410 4046 469 4086 noa
498 4026 606 4106 poterit
645 4038 855 4106 cousequenter
892 4028 1021 4108 ipsorum
1043 4038 1162 4116 ,natura
1193 4031 1338 4110 cognosci,
1364 4031 1420 4095 nisi

320 4122 408 4182 simul
429 4134 624 4202 cognoscatur
639 4125 679 4197 id,
702 4124 740 4187 ad
756 4125 835 4212 quod
857 4126 1031 4206 reseraretur.
1048 4125 1295 4202 b)-indaclioac.
1337 4126 1418 4190 Nam

320 4221 344 4278 si
358 4221 424 4299 quis
447 4220 632 4285 aeternitate
653 4231 813 4302 cognoscat
826 4222 882 4287 hoc
897 4221 1023 4302 duplum
1039 4243 1067 4282 v.
1090 4244 1117 4302 g.
1142 4223 1308 4296 denarium,
1331 4223 1420 4286 debet

321 4337 356 4376 eo
380 4317 444 4404 ipso
466 4337 641 4401 cognoscere
665 4317 851 4388 dammim
878 4317 1037 4387 dimidium
1057 4318 1136 4400 ¹illud
1159 4339 1206 4380 sc:
1237 4319 1421 4400 quinarium,
