3118 4956
311 413 314 419 ·
348 420 405 480 248
776 481 780 490 ,
844 421 960 500 aaa.

349 615 411 693 lege
433 615 555 674 Domini
571 625 614 675 est
628 615 737 696 quique
761 616 924 676 meditatur
937 618 968 676 in
983 618 1048 696 lege
1062 617 1124 696 ejus
1138 618 1186 677 die
1199 639 1235 678 ae
1249 627 1352 678 noete:
1375 619 1450 697 quia

348 713 394 772 lex
420 711 543 772 Domini
557 724 601 772 est
615 712 819 784 immaculata,
834 724 1008 774 convertens
1022 715 1146 786 animas,
1160 713 1265 786 fidelis,
1280 725 1450 792 praestans-

347 829 404 888 que
417 809 594 888 sapientiam
610 810 771 888 parvulis.’'
808 810 855 870 Ps
872 813 898 870 1.
915 825 943 872 et
960 812 1005 871 18.

387 905 455 964 285.
497 905 605 965 lhrma
626 917 679 979 est,
702 905 749 967 vel
772 908 937 978 essentialia,
953 916 986 967 ut
1008 907 1195 986 Principium
1217 907 1452 978 intellectivam,

350 1012 481 1080 respectu
505 1002 649 1074 hominis;
670 1001 776 1080 ligura,
800 1015 932 1082 respectu
956 1013 1088 1063 statuae:
1113 1002 1159 1063 vel
1184 1003 1391 1074 accidentaria,
1416 1015 1452 1062 ut

348 1099 436 1172 color,
453 1108 583 1178 respectu
600 1099 748 1178 corporis;
763 1099 860 1178 figura
873 1111 998 1172 statuae,
1012 1113 1144 1180 respectu
1161 1101 1325 1172 marmoris,
1336 1121 1375 1160 ex
1390 1121 1452 1179 quo

349 1195 464 1257 ednstat
477 1195 722 1258 statua-Porro
736 1217 770 1256 ae
783 1196 895 1275 duplici
908 1197 962 1256 hcc
968 1198 1068 1272 sucuro
1083 1197 1155 1258 haec
1170 1197 1323 1258 desumere
1338 1199 1450 1276 poteris

349 1303 542 1372 argumenta:
577 1314 611 1353 erc
633 1295 752 1372 priori,·
784 1294 917 1352 “Anima
945 1294 1100 1354 rationalis
1128 1305 1171 1354 est
1199 1294 1239 1368 id,
1261 1315 1320 1373 quo
1349 1295 1450 1373 primo

348 1391 486 1461 vivimus,
510 1373 653 1450 sentimus
676 1398 706 1449 et
729 1389 941 1468 intelligimus:
974 1411 1045 1469 ergo
1070 1411 1185 1469 eorpus,
1210 1390 1267 1462 cui,
1292 1401 1448 1468 tamquam

349 1487 453 1559 torma,
469 1486 548 1546 uniri
561 1497 633 1565 epta
647 1495 699 1558 est,
713 1485 802 1546 debet
815 1505 875 1546 esse
896 1487 1099 1566 organicum.”
1141 1487 1187 1546 cf.
1201 1487 1231 1547 S.
1246 1485 1302 1546 Th.
1318 1487 1360 1564 (1.
1377 1507 1404 1566 p
1420 1508 1450 1565 q.

306 1663 307 1666 Ἴ
349 1583 396 1642 76.
411 1603 437 1643 a.
453 1582 516 1660 5.):
539 1603 572 1642 et
587 1582 750 1660 potissimi,
765 1593 808 1642 est
824 1582 899 1642 illud
913 1581 1045 1643 Isaiaoe.
1062 1584 1108 1642 53.
1151 1583 1303 1643 Christum
1319 1595 1452 1643 servato·

350 1701 409 1740 rem
436 1690 569 1742 nostrum
595 1681 674 1740 eruci
700 1680 835 1754 affixum,
862 1692 982 1760 propter
1008 1683 1116 1742 vulnus
1142 1682 1290 1760 totiusque
1315 1682 1452 1760 eorporis

349 1776 584 1856 indignissimam
599 1776 848 1855 deturpationem,
862 1797 921 1836 non
936 1777 1025 1837 fuisse
1039 1777 1193 1856 agnitum:
1210 1777 1313 1856 “quasi
1328 1776 1452 1837 abscon-

350 1876 438 1946 ditus,
452 1874 505 1947 uit,
517 1873 618 1934 vultus
632 1875 695 1953 ejus
708 1886 739 1932 et
752 1873 914 1952 despectus,
930 1874 1008 1933 unde
1024 1895 1076 1932 neo
1092 1875 1296 1952 reputavimus
1310 1873 1450 1933 eum.'’-

349 1971 399 2030 Ad
421 1970 548 2030 formam
572 1981 729 2031 revocatur
749 1991 837 2030 cocao
859 1971 1037 2048 exemplaria,
1051 1991 1101 2030 seu
1124 1970 1341 2049 exemplarem
1364 1971 1451 2050 cujus

350 2068 545 2130 imitationem
567 2069 682 2148 aliquid
696 2069 749 2140 fit;
771 2081 903 2148 respectu
928 2070 1021 2148 cujus,
1036 2071 1132 2128 forma
1146 2080 1190 2128 est
1204 2088 1264 2130 non
1281 2068 1450 2138 intrirmero,

349 2178 382 2227 ut
396 2175 495 2245 patet;
516 2166 566 2225 sed
589 2168 752 2224 eatrirraeoo.
796 2165 845 2224 Ex
868 2165 925 2225 hae
947 2168 1104 2225 ealdraeeu
1125 2166 1169 2224 rei
1183 2165 1282 2242 sonna
1295 2164 1452 2224 ducuntur

349 2261 402 2321 illa
415 2273 593 2340 argumenta
607 2260 682 2322 Gon.
698 2261 744 2321 9.''
787 2261 978 2340 Quicumque
991 2262 1129 2321 effuderit
1151 2261 1316 2320 humanum
1331 2261 1452 2339 sangui·

350 2381 426 2432 nem,
440 2359 583 2420 fundetur
596 2359 716 2439 sanguis
731 2359 828 2420 illius:
850 2360 888 2419 ad
913 2360 1073 2438 imaginem
1087 2360 1198 2439 quippe
1213 2359 1270 2419 Dei
1294 2362 1393 2420 litatus
1407 2371 1451 2418 est

350 2459 438 2518 homo
447 2458 473 2517 :''
495 2468 524 2518 et
538 2456 614 2517 illud
637 2457 759 2516 Domini
775 2457 866 2517 nostri
881 2457 1027 2537 “Diligite
1048 2458 1183 2517 inimicos
1198 2469 1318 2528 vestros,
1333 2457 1453 2516 benefa-

349 2555 405 2615 cite
420 2554 475 2626 his,
489 2553 540 2632 qui
555 2553 682 2616 oderunt
703 2573 764 2625 vos,
779 2565 809 2612 et
822 2565 905 2613 orate
930 2575 983 2632 pro
1006 2553 1247 2633 persequentibus
1261 2565 1291 2614 et
1305 2553 1451 2614 calumni-

349 2652 468 2714 autibus
494 2671 562 2743 pos:
586 2661 618 2710 ut
641 2650 705 2710 sitis
727 2649 782 2710 lilii
807 2649 906 2711 Patris
931 2651 1029 2724 vestri,
1045 2651 1107 2726 Qui
1132 2651 1162 2710 in
1189 2650 1277 2712 coelis
1304 2662 1357 2722 est,
1386 2651 1449 2726 Qui

348 2749 439 2810 solem
466 2770 552 2809 suum
571 2747 642 2808 oriri
665 2746 738 2808 facit
759 2767 848 2827 super
867 2747 963 2826 justos
977 2759 1007 2807 et
1028 2747 1179 2827 injustos.”
1222 2747 1311 2808 Mara
1326 2747 1449 2808 9,-Αά

342 2861 506 2924 Υγονήιανιιηι
520 2845 591 2904 locos
614 2843 747 2904 revocari
773 2856 895 2922 possm
917 2843 975 2903 loci
989 2843 1045 2904 “ob
1068 2845 1159 2904 inesse
1181 2844 1221 2903 od
1245 2843 1449 2904 deumniuori'

350 2943 453 3022 (modo
476 2941 561 3016 illud,
576 2940 655 3021 quod
679 2941 763 3014 inest,
777 2940 953 3020 simpliciter
974 2952 1084 3002 ot-non
1109 2952 1295 3002 transeunter
1317 2941 1404 3018 insit)
1418 2952 1449 3000 et

349 3041 403 3100 “ob
429 3039 623 3119 appositiorw”
654 3038 831 3117 (dummodo
855 3038 1043 3119 intelligatur
1070 3059 1105 3100 ea
1127 3039 1169 3099 rei
1195 3038 1350 3118 appositio,
1372 3057 1451 3117 quae

349 3157 446 3217 capax
468 3137 507 3202 sit
520 3137 582 3215 ejus
604 3136 865 3210 denominationis,
879 3157 955 3216 quae
969 3137 1006 3196 de
1021 3158 1060 3208 re,
1075 3138 1123 3196 eui
1146 3137 1316 3216 apponitur,
1331 3133 1452 3196 conclu·

350 3235 455 3314 ditur).

390 3331 456 3392 286.
499 3331 597 3392 (lausa
619 3332 740 3411 <piciens
763 3343 859 3410 potest
873 3351 941 3404 esse,
957 3331 1003 3390 vel
1022 3329 1194 3408 producens,
1203 3329 1256 3422 luel
1271 3350 1450 3398 conaerentes,

351 3427 398 3488 vel
417 3431 561 3506 perimens
575 3447 654 3486 rem:
677 3425 746 3487 item
761 3447 821 3487 esse
842 3439 937 3506 potest
951 3427 998 3487 vel
1015 3426 1200 3505 principalia,
1216 3424 1263 3485 vel
1278 3426 1450 3484 instrueren-

350 3525 434 3585 tcta.-
456 3524 527 3584 item
543 3524 588 3583 vel
606 3522 736 3602 physico,
752 3523 797 3584 vel
820 3522 1082 3584 moralia-Porro
1103 3545 1137 3583 ea
1157 3544 1244 3583 cerusa
1263 3521 1450 3601 producente,

351 3633 393 3684 est
415 3621 491 3682 illud
515 3621 688 3702 Moysisad
712 3625 855 3702 populum
879 3623 1077 3684 Israeliticum
1093 3621 1274 3684 “Generatio
1298 3641 1395 3702 prava
1420 3633 1449 3682 et

352 3739 488 3798 perversa
503 3718 607 3798 (Dent.
624 3719 670 3780 32.
686 3741 735 3781 vv.
751 3721 777 3780 5.
793 3721 819 3781 6.
835 3720 922 3797 ete.):
937 3731 967 3781 et
980 3720 1057 3780 illud
1073 3717 1211 3799 A'postoli
1223 3743 1230 3779 :
1240 3721 1288 3780 '“si
1304 3718 1449 3780 delibatio

350 3829 453 3878 sancta
467 3827 496 3877 et
510 3837 623 3877 massa:
644 3817 669 3876 si
695 3816 782 3876 radix
804 3827 917 3890 saneta,
932 3829 961 3878 et
984 3817 1094 3876 mali:”
1116 3837 1154 3876 ex
1177 3818 1270 3894 ipsius
1291 3816 1450 3894 negatione

352 3913 427 3973 illud
456 3913 596 3976 Domini:
630 3913 808 3992 “Progenies
837 3914 1016 3992 viperarum,
1044 3913 1193 3992 quomodo
1221 3913 1342 3992 potestis
1372 3912 1450 3972 boun

352 4012 441 4092 loqui,
463 4032 531 4072 eum
556 4011 619 4072 sitis
643 4010 752 4070 mali:”
773 4023 803 4070 et
817 4009 892 4070 illud
916 4009 1022 4071 Pauli:
1044 4008 1224 4086 “Quomodo
1238 4008 1372 4080 audient,
1385 4007 1448 4068 sine

353 4109 542 4188 praedicante
550 4107 589 4168 ?''.
602 4155 608 4168 .
621 4112 710 4168 .“non
725 4107 925 4181 coronabitur,
935 4107 992 4167 nisi
1006 4108 1057 4185 qui
1073 4105 1205 4186 legitime
1219 4104 1447 4165 certaverit-”-

356 4207 399 4266 ln
419 4202 512 4267 cauda
533 4205 771 4278 adamantibus,
785 4204 886 4284 arguit
908 4203 1107 4283 Philosophus
1128 4203 1285 4263 ostendens
1309 4201 1445 4280 Regnum

351 4303 454 4366 esteris
476 4301 706 4382 Rebuspublicis
727 4302 897 4362 diuturnius
917 4321 993 4362 esse:
1014 4300 1087 4380 quia
1108 4301 1215 4371 minus,
1229 4319 1319 4378 quam
1336 4299 1418 4370 istae,
1431 4319 1452 4380 ι,
