3172 4950
486 415 533 476 De
553 415 658 476 Ρνίτηα
673 415 779 475 illernt'e
799 412 979 493 Operatione.
1244 417 1283 474 39

181 621 300 682 natura,
315 619 379 670 tum
402 611 474 689 quia
493 632 553 671 non
567 609 785 672 conveniebant
806 607 967 669 subtilitati
982 607 1198 688 complexionis
1212 608 1284 687 ejus,

182 720 245 768 tum
270 719 391 787 propter
414 708 683 770 multiformitatem
707 727 840 787 operum,
863 727 941 783 quae
961 705 1144 767 conveniunt
1158 704 1283 778 homini,

180 806 210 864 in
226 816 372 884 quantum
387 805 480 867 habet
495 807 650 879 rationem,
661 804 770 885 quibus
784 804 886 883 aliqua
896 803 1096 864 determinata
1107 802 1283 863 instrumen-

180 915 213 962 ta
239 903 426 964 accomodari
449 924 510 964 non
535 912 673 982 poterant
696 923 715 962 a
739 909 867 972 natura,
888 901 939 962 sed
962 901 1028 962 loco
1049 901 1184 961 omnium
1208 901 1283 960 inest

180 999 292 1060 bomini
317 1001 402 1072 ratio,
417 1021 477 1079 qua
491 1000 641 1062 exteriora
654 999 710 1059 sibi
731 1008 893 1078 praeparat
907 997 972 1058 loco
994 997 1111 1072 horum,
1125 1016 1202 1075 quae
1215 996 1283 1056 aliis

179 1097 360 1158 animalibus
384 1097 545 1158 intrinseca
567 1107 645 1158 sunt
688 1094 787 1168 Unde,
812 1115 880 1154 cnm
905 1094 994 1154 bomo
1016 1093 1127 1154 dicitur
1148 1102 1283 1152 armatus

181 1192 227 1254 vel
244 1195 367 1254 vestitus
382 1194 430 1253 vel
451 1193 599 1254 calceatus
621 1192 831 1253 denominatur
844 1190 884 1251 ab
898 1189 1000 1268 aliquo
1014 1188 1188 1260 extrinseco,
1203 1188 1280 1266 quod

180 1311 238 1350 non
268 1289 360 1350 habet
387 1290 534 1351 rationem
562 1309 657 1368 neque
685 1309 791 1349 causae
816 1307 911 1366 neque
939 1307 1112 1359 mensurae;
1133 1286 1213 1347 unde
1240 1299 1284 1345 eet

180 1387 308 1467 speciale
330 1388 616 1466 praedicamentum,
630 1399 661 1450 ct
674 1387 785 1448 dicitur
806 1386 963 1448 Hobdrnss’
999 1385 1045 1446 cf.
1067 1385 1157 1446 etiam
1174 1406 1202 1445 v.
1219 1384 1281 1444 Mc

183 1484 407 1563 tapbysicorum
423 1484 475 1545 lec.
492 1485 518 1545 9.

694 1579 718 1654 ξ.
740 1581 765 1642 I.

438 1794 482 1836 ne
497 1793 781 1838 rnnsntcnntnn'ro
794 1794 1025 1838 sumamma

310 1969 494 2030 &decima
507 1972 594 2042 notio,
609 1975 795 2045 enumeratio,
804 1972 955 2050 pactiones
968 1971 1160 2032 elucidantur.

132 2189 135 2195 ·
221 2163 268 2223 56.
311 2163 479 2225 Declarata'o
500 2163 862 2227 Nomina-Sedetanum
886 2187 944 2228 vox
968 2167 1147 2246 quandoque
1160 2185 1283 2246 usurpa-

185 2272 237 2321 tur
250 2261 289 2321 ad
311 2263 538 2341 significandam
564 2265 720 2325 &entiam
744 2264 792 2326 vel
814 2275 954 2326 naturam
977 2265 1040 2327 sive
1063 2265 1125 2346 ejus
1138 2265 1192 2337 rei,
1205 2285 1282 2343 quae

181 2359 299 2437 proprie
313 2368 357 2420 est
378 2359 563 2434 Substantia,
577 2363 640 2422 sive
653 2363 715 2443 ejus
737 2362 788 2436 rei,
803 2383 880 2442 qnae
893 2372 938 2423 est
957 2362 1114 2424 Accidens.
1157 2362 1281 2442 Proprie

180 2469 281 2516 tamen
304 2467 335 2517 et
359 2458 488 2536 rigorose
509 2458 639 2519 sumitur
669 2459 708 2520 ad
740 2458 970 2538 significandum
994 2460 1143 2538 specialem
1167 2458 1281 2520 mendi

180 2551 307 2625 tondum,
323 2553 373 2631 qui
397 2555 540 2633 competit
553 2555 644 2616 alicui
661 2557 711 2629 rei,
726 2555 839 2616 essendi
853 2575 901 2616 sc:
922 2558 956 2616 a'a
969 2577 998 2616 ee
1011 2565 1041 2616 et
1050 2576 1107 2635 per
1119 2576 1165 2616 ae:
1180 2567 1210 2616 et
1222 2555 1281 2615 hac

181 2653 295 2712 ratione
317 2653 479 2731 opponitur
500 2653 670 2728 Academi,
684 2654 732 2714 cui
755 2654 898 2733 competit
911 2674 968 2716 ease
988 2655 1023 2714 in
1044 2653 1104 2714 alio
1125 2663 1280 2732 tamquam

181 2753 212 2810 ia
226 2750 350 2828 adjecto
365 2749 576 2810 inhaerentiae.
597 2793 600 2800 .
619 2750 682 2812 Sub
697 2751 754 2812 hac
767 2751 898 2811 munda
912 2750 1028 2811 ratione
1041 2749 1217 2812 Substantia
1230 2749 1280 2809 hic

179 2847 309 2906 sumitur
322 2858 352 2907 et
365 2846 493 2926 speciale
506 2846 782 2926 praedicamentum
796 2847 958 2908 constituit.

220 2941 243 3002 J
243 2961 293 3000 am
308 2961 373 3020 age,
385 2961 444 3004 vox
455 2941 636 3016 &demntia
647 2943 703 3003 hoc
717 2942 872 3022 posteriori
885 2963 971 3002 sensu
983 2951 1114 3022 accepta,
1129 2941 1278 3022 duplicem

182 3037 273 3100 habet
293 3038 522 3118 etymologiam:
545 3038 701 3100 derivatur
720 3040 798 3098 enim
820 3038 869 3100 vel
884 3059 902 3098 a
915 3037 1100 3100 &tacendo
1115 3037 1162 3100 vel
1177 3059 1197 3097 a
1209 3037 1280 3098 att-

177 3135 291 3196 stnndo.
333 3135 417 3196 I.-n
431 3135 635 3196 Sndsiatnzdo:
657 3152 782 3208 namna
797 3137 840 3196 ait
854 3135 1059 3214 Augustinus:
1075 3137 1171 3196 “sicut
1184 3134 1223 3195 ab
1237 3155 1280 3207 eo,

179 3233 258 3310 quod
281 3247 325 3292 est
347 3253 416 3305 esse,
430 3231 602 3311 appellatur
626 3233 767 3302 essentia3
789 3234 833 3293 ita
846 3231 886 3293 ab
908 3253 942 3292 eo
956 3233 1036 3310 quod
1050 3245 1093 3293 est
1114 3233 1281 3304 &menbra

180 3327 378 3388 substantiam
393 3327 528 3387 dicimus.
545 3327 590 3387 ”7.
606 3327 643 3387 de
657 3327 805 3388 Trinitate
819 3349 843 3388 c.
859 3327 972 3388 4.-11.
982 3349 1001 3387 a
1012 3327 1194 3389 Macedo:
1209 3347 1280 3388 nam

181 3433 213 3482 ut
226 3424 270 3484 ait
287 3425 476 3484 Aristoteles:
494 3424 599 3486 “Haec
610 3439 710 3484 autern
722 3425 823 3486 oinnia
833 3446 870 3484 ex
883 3445 916 3486 eo
927 3425 1070 3486 dicuntur
1079 3425 1280 3499 Substantias

179 3519 259 3598 «prod
275 3540 333 3579 non
349 3519 386 3580 de
399 3520 532 3598 subjecto
546 3521 697 3594 dicuntur,
712 3522 761 3581 sed
778 3522 815 3582 de
830 3522 870 3582 eis
884 3523 1009 3583 cetera.”
1040 3524 1067 3583 b.
1084 3519 1196 3602 Metap.
1211 3545 1234 3584 c.
1251 3525 1278 3585 3.

182 3615 270 3677 Unde
293 3617 424 3677 Isidorus
449 3619 474 3678 2.
498 3618 601 3698 Etyrn.
617 3641 641 3678 c.
658 3619 713 3678 26:
736 3619 930 3680 “Substantia
951 3632 1004 3692 est,
1018 3640 1095 3698 qnae
1119 3621 1279 3699 proprieet

180 3713 384 3792 principaliter
405 3715 532 3775 albetone
555 3715 708 3775 dicitur:'’
731 3727 760 3776 et
783 3716 971 3795 Augustinus
984 3715 1036 3776 lib.
1060 3715 1196 3795 Cetegor.
1211 3739 1235 3777 c.
1252 3719 1278 3778 5.

179 3808 223 3868 ait
246 3809 452 3870 Substantiam
475 3831 580 3889 graece
603 3811 715 3871 dietam
730 3833 800 3880 *esse
816 3809 1002 3894 ὑπιιῆειζαενυν.
1045 3811 1133 3872 Duae
1155 3813 1279 3890 proinde

177 3905 306 3966 rationes
322 3905 368 3967 vel
394 3907 588 3986 proprietates
603 3907 632 3966 in
648 3908 768 3968 nornine
790 3907 980 3968 Substantiae
1007 3906 1195 3968 indicantur:
1219 3929 1279 3970 una

175 4001 313 4063 absoluta
338 4015 390 4076 est,
404 4025 452 4064 sc:
475 4003 588 4064 meandi
605 4007 638 4064 ia
652 4026 689 4078 se,
707 4025 764 4084 per
777 4025 813 4076 ee,
828 4017 918 4082 quant
934 4024 987 4066 nos
1000 4015 1122 4084 propter
1136 4006 1198 4084 ejus
1211 4006 1279 4066 sim·

178 4099 341 4178 plicitatem
357 4113 387 4161 et
401 4111 534 4161 nostrum
550 4101 755 4180 imperfectum
778 4101 974 4180 cognoscendi
987 4101 1109 4162 modum
1124 4123 1178 4181 per
1192 4123 1280 4183 nega—

177 4199 286 4257 tionem
309 4199 419 4257 essendi
435 4199 464 4256 in
490 4199 618 4276 ›tttbjerto
641 4198 845 4270 declaramus3
867 4197 929 4258 alia
942 4198 1026 4278 qnasi
1050 4198 1212 4278 respectiva
1227 4212 1279 4274 est,

177 4318 223 4354 sc:
239 4293 425 4355 sirbnteiitnnd
429 4297 438 4352 i
448 4296 623 4356 accidentia.
640 4297 700 4372 (Cf.
712 4298 822 4365 Suarez
834 4295 872 4354 D.
885 4295 928 4355 M.
942 4297 988 4356 33.
1000 4320 1023 4356 s.
1037 4297 1077 4374 l.)
1094 4297 1163 4358 Hoc
1177 4309 1278 4358 autem
