3172 4950
461 401 508 463 De
528 399 633 463 Prinna
646 399 756 464 Meritis
776 401 955 480 montoso„

554 886 782 966 uunnstrc
804 885 860 949 tu.

540 1040 588 1144 nri
602 1101 872 1146 uurvnnsnnmue
947 1085 952 1098 '

195 1279 245 1339 30.
288 1277 334 1350 td,
347 1277 427 1357 quoti
445 1298 497 1356 per
517 1277 646 1356 primam
669 1277 775 1336 mentis
795 1277 997 1356 operetimrem
1022 1273 1258 1356 uppreheuditut

153 1391 187 1436 ct
217 1398 269 1455 per
295 1377 408 1436 oraiem
444 1375 604 1436 terminum
633 1374 764 1434 exterius
791 1373 979 1452 exprimitur,
1009 1387 1052 1434 est
1079 1375 1255 1436 universale.

152 1474 361 1552 Quamobrem
385 1485 543 1553 postquam
564 1472 601 1532 de
625 1481 779 1550 conceptu,
793 1470 874 1532 etde
888 1471 976 1550 hujus
999 1473 1139 1532 exteriori
1163 1473 1257 1552 signe,

150 1573 250 1651 ‹icque
265 1572 418 1650 utriusque
427 1568 640 1649 punitionibus
650 1569 773 1647 egimus,
787 1567 825 1628 de
838 1567 1057 1629 universalibus
1078 1568 1256 1641 notionibus,

150 1669 304 1748 egendum
318 1669 404 1728 nobis
418 1667 482 1728 erit
526 1666 618 1742 Quae
632 1665 753 1744 quidem
768 1664 907 1725 tractatio
919 1666 1056 1744 apprime
1070 1676 1115 1725 est
1127 1686 1257 1726 necessa·

152 1769 217 1827 ris:
241 1779 305 1827 tum
320 1767 390 1844 quia
406 1766 635 1824 fumiamentum
651 1763 741 1824 totius
756 1762 906 1822 humanae
920 1763 1096 1840 cognitionis
1119 1765 1238 1843 respicit
1248 1786 1256 1834 ς

153 1883 219 1924 turo
232 1865 304 1943 quia
316 1863 441 1925 inseruit
454 1863 492 1922 sd
508 1871 666 1938 coemptos
681 1859 788 1920 mentis
798 1858 928 1936 otjoutoe
939 1869 1097 1937 spectatos,
1108 1871 1253 1939 quantum

149 1961 192 2020 ud
209 1960 355 2038 Logicnm
369 1957 612 2038 spectat‚1uelius
635 1954 850 2034 intelligendos,
865 1975 971 2032 eosque
985 1955 1201 2018 coerdinendos
1215 1958 1252 2020 ed

147 2057 310 2134 judicium,
336 2065 369 2116 ut
391 2078 460 2122 urox
487 2055 663 2116 videbimus
704 2054 749 2116 Ut
772 2064 873 2114 nutem
899 2054 1008 2114 clarius
1032 2066 1060 2114 et
1084 2055 1251 2117 distinctius

150 2155 358 2232 procedemus,
373 2174 504 2232 agemus,

396 2249 597 2312 Primo-De
618 2247 791 2312 Uuiucrseli
806 2249 837 2308 iu
849 2247 974 2310 Genere.

395 2347 630 2408 Secundo-De
651 2347 824 2408 Universeli
840 2346 972 2406 Reflexo

393 2447 593 2521 Tertio-De
615 2447 787 2510 Universeii
803 2445 934 2506 Directo

556 2831 807 2899 ARTIOULUS
828 2829 852 2896 1.

428 2943 503 2972 ·9

469 3045 513 3091 DE
528 3047 729 3093 UNIVERSALI
746 3049 779 3090 [n
795 3043 938 3092 GENER&

192 3225 240 3284 31.
283 3219 471 3292 Universale„
485 3224 509 3284 si
525 3225 587 3285 vim
603 3223 683 3284 vocis
697 3233 817 3302 spectes,
829 3223 973 3302 importat
986 3245 1079 3286 onum
1093 3239 1188 3286 corun
1201 3239 1250 3288 seu

152 3322 309 3400 respiciens
324 3321 428 3381 multu.
458 3320 552 3381 Porro
561 3321 653 3380 tinum
667 3321 810 3398 respicere
820 3329 917 3399 potest
932 3319 1041 3381 multe:
1057 3321 1104 3382 vel
1120 3324 1251 3402 1.-quie

149 3429 194 3478 est
205 3439 293 3478 correo
307 3418 429 3498 effim'ene
441 3416 573 3496 plurium
589 3437 697 3489 rerum,
709 3427 762 3477 aut
776 3417 983 3497 causofioelis,
994 3419 1034 3478 ed
1048 3439 1139 3497 quem
1154 3419 1253 3497 plures

153 3533 200 3575 res
223 3515 358 3575 ordinem
383 3513 505 3575 dicunt:
528 3513 576 3574 vel
602 3514 749 3592 tre—quie
773 3523 816 3574 est
839 3517 1063 3592 repraesentatio
1087 3517 1252 3576 communis

153 3611 286 3689 plurium
302 3611 488 3682 rerum;.vei
514 3611 676 3690 rit-quie
689 3613 859 3690 esteiynum
883 3611 971 3690 plurn
995 3612 1182 3690 significuus:
1204 3613 1250 3675 vel

154 3708 310 3786 itt-quin
324 3718 367 3769 est
381 3716 490 3768 tratura
504 3715 555 3768 aut
569 3708 689 3768 meantia
710 3707 847 3786 pluribus
861 3709 1044 3770 cernmuuis:
1067 3709 1115 3768 vel
1130 3709 1250 3770 demum

153 3806 294 3884 r.-quin
304 3815 348 3866 est
354 3805 536 3884 praedicatio
545 3804 682 3884 pluribus
693 3805 865 3866 communis.
902 3805 1111 3882 Quamobrem
1123 3806 1250 3868 Univera

149 3902 220 3971 mle,
235 3912 368 3980 spectatu
383 3903 412 3960 vi
428 3902 516 3973 vocis,
531 3911 574 3962 est
595 3900 784 3980 quintuplex,
798 3900 911 3962 scilieet
924 3903 957 3962 io
972 3901 1142 3974 morando,
1158 3911 1192 3963 ut
1205 3913 1249 3964 oet

152 3995 244 4069 Imus,
259 4007 406 4076 quatenos
420 4012 464 4058 est
477 3999 608 4076 primum
630 3997 811 4076 principium
826 3997 954 4060 efficiens
968 4015 998 4058 et
1014 3997 1155 4059 ultimum
1170 3999 1251 4078 prin-

149 4097 262 4175 cipium
283 4095 373 4156 finale
394 4096 527 4156 omnium
550 4113 668 4167 rerum;
689 4098 723 4156 iu
736 4095 989 4174 repraesentando,
1004 4106 1038 4157 ut
1051 4106 1121 4157 sunt
1140 4096 1250 4176 species

148 4191 302 4271 angelicae
314 4191 484 4271 (dequibus
498 4201 593 4271 agunt
606 4189 750 4270 Theologi
762 4192 793 4250 in
807 4189 889 4252 Sum.
900 4190 1004 4252 Theoi,
1018 4191 1048 4252 S.
1063 4191 1119 4253 Th.
1135 4191 1162 4253 1.
1177 4213 1205 4272 p.
1220 4213 1248 4273 q.

149 4287 231 4364 55.);
251 4289 285 4348 io
305 4288 507 4368 εἰρηῴἲσαηάο,
522 4299 555 4348 ut
576 4301 649 4349 esset
664 4309 691 4349 v.
706 4309 735 4367 g.
756 4308 817 4350 vox
838 4289 1019 4368 aequivoea;
1046 4290 1209 4352 irretiendo
1223 4299 1249 4352 et
