3172 4950
483 445 530 506 De
552 445 653 506 Pri-nar
670 445 776 506 Meri-lia
795 423 976 524 operariae.
1238 444 1276 503 69

177 658 249 700 vere
264 662 298 700 ar
320 641 439 720 proprie
459 640 602 715 distingui
617 639 657 698 ab
672 645 737 697 aeta
758 639 943 710 immanenti,
957 649 1110 716 tamquam
1127 659 1145 696 a
1158 657 1212 697 suo
1226 644 1277 697 ter·

178 741 266 809 mino,
278 748 368 816 atque
383 738 532 824 ideqvao
546 749 576 797 et
591 737 710 816 proprie
730 735 1030 815 praedicamentalem
1046 737 1192 796 actionem
1208 756 1276 805 esse,

179 834 209 893 in
239 833 448 913 Metaphysica
476 833 677 912 probabimus.
720 831 833 894 Unum¹
852 819 972 893 tautum
999 833 1133 904 observa,
1155 854 1207 892 nos
1228 833 1276 892 hic
1322 838 1330 855 ⁸

176 952 265 1008 agere
279 931 316 990 de
330 931 446 991 actione
462 930 733 1008 praedicamentali,
750 949 808 989 non
823 939 923 990 autern
937 929 975 990 de
989 929 1106 990 actione
1122 933 1150 990 ia
1166 951 1276 1008 periere,

176 1051 212 1089 ac
234 1040 390 1108 propterea
415 1048 473 1088 non
499 1028 697 1087 adnumerare
722 1026 751 1085 in
777 1026 833 1086 hoc
859 1026 1098 1104 praedicamento
1121 1027 1276 1095 actionem,

176 1147 267 1205 quam
291 1126 413 1206 quidam
437 1126 542 1185 dicunt
563 1125 789 1195 arbatarrtialem,
803 1123 874 1201 quia
889 1123 1084 1215 prootermirro
1107 1121 1198 1182 habet
1211 1122 1276 1182 sub·

176 1225 337 1294 stantiam3
359 1243 485 1301 eamque
504 1222 703 1282 subdividunt
717 1221 747 1280 in
762 1221 919 1292 actionem,
933 1240 1011 1298 quae
1024 1223 1085 1279 eine
1099 1219 1220 1298 airbjecto
1233 1219 1276 1286 fit,

178 1321 359 1400 (cujusmodi
381 1330 425 1379 est
439 1319 564 1392 creatio)
579 1319 653 1378 etin
674 1311 833 1389 actionem,
848 1335 925 1395 quae
938 1337 972 1375 ea
984 1316 1104 1393 arbjedo
1119 1317 1153 1375 lit
1168 1316 1276 1396 (cujus-

177 1418 257 1478 modi
282 1427 327 1476 est
349 1415 526 1494 generatio).
569 1414 649 1474 Nam
683 1413 795 1474 creatio
818 1433 878 1472 non
903 1411 1043 1474 convenit
1069 1413 1184 1471 uariare
1207 1431 1275 1472 cum

174 1516 292 1576 actione
316 1511 579 1593 praedicamentali
604 1515 668 1590 (un.
685 1511 731 1571 23.
747 1509 828 1587 53.);
849 1512 1000 1589 generatio
1021 1519 1121 1569 autem
1135 1508 1277 1568 reductive

175 1621 219 1671 est
234 1612 263 1670 in
279 1609 521 1690 praedicamento
541 1607 733 1668 substantiae,
776 1606 822 1667 cf.
837 1606 861 1666 si
876 1604 1013 1678 volueris,
1027 1603 1146 1665 Suarez.
1162 1604 1216 1682 (D.
1232 1603 1289 1686 Μ.ι

176 1709 224 1767 48.
239 1728 260 1767 a.
285 1707 383 1766 a-ae
396 1727 417 1766 s.
434 1705 475 1781 2.)
519 1703 595 1765 Item
620 1703 811 1780 (Liberatore
833 1703 937 1782 Comp.
960 1702 1082 1764 Urnano
1096 1703 1129 1763 C.
1146 1703 1172 1762 2.
1187 1723 1233 1762 aa
1249 1705 1275 1762 4.

175 1806 202 1865 5.
219 1805 261 1880 a)

216 1899 264 1960 De
278 1898 419 1959 Passione
433 1899 477 1958 nil
491 1885 613 1970 addam,
624 1899 735 1977 quippe
748 1897 858 1970 omnia,
870 1905 951 1976 quae·
961 1899 1141 1958 conveniunt
1156 1889 1284 1969 actioni,

174 1996 327 2075 quadrant
342 1996 479 2074 passioni,
494 1994 673 2054 habitudine
693 2003 811 2055 tantum
827 2003 952 2055 mutata.
968 1994 1028 2072 (Cf.
1043 1995 1161 2055 Suarea.
1177 1995 1216 2056 D.
1232 1995 1275 2056 M.

175 2095 223 2154 49.
238 2116 260 2154 8.
276 2093 319 2171 22)

216 2191 264 2250 86.
306 2189 500 2267 Proprietotea
521 2188 813 2248 Adrbrrie.-Afferri
827 2187 923 2248 solent
937 2190 1134 2249 communiter
1147 2200 1214 2262 tres,
1229 2191 1274 2250 vel

102 2279 104 2283 ’
174 2296 305 2364 quatuor
327 2305 454 2362 quarum
471 2293 577 2344 1.-est
593 2283 749 2362 propedem
763 2303 819 2343 ecre
833 2285 954 2343 amacio
975 2303 1031 2344 ease
1044 2305 1107 2343 arm*
1121 2293 1199 2344 mota
1208 2307 1219 2357 ,·
1240 2303 1274 2344 11.

172 2394 255 2442 -est
270 2381 349 2460 quod
364 2383 436 2441 actio
451 2381 558 2459 inferat
566 2383 749 2459 paccionem:
764 2391 896 2441 Ira-ast
910 2381 988 2460 quod
1009 2383 1083 2441 aelio
1097 2381 1201 2442 babeat
1214 2404 1276 2443 oon-

171 2479 314 2537 trariraa:
337 2477 501 2556 1v.—quod
520 2479 594 2536 aetio
607 2480 748 2554 accipiat
758 2479 852 2561 mapa
865 2484 891 2537 et
904 2478 1049 2538 minae.-

147 2607 152 2616 ·
216 2575 287 2652 Qua
302 2575 331 2634 in
349 2596 379 2635 re
393 2575 612 2636 observandum
623 2585 674 2636 est

215 2671 438 2732 Primo-Hae
452 2672 647 2751 proprietates
661 2671 840 2732 adridatalee
852 2681 931 2746 suut,
943 2680 978 2733 ut
990 2672 1129 2751 saprade
1142 2671 1276 2733 substan-

174 2769 234 2828 tiae
249 2767 434 2847 passionibus
448 2777 577 2847 agentes,
590 2768 769 2829 notavimus.
786 2767 828 2845 (n.
844 2768 906 2844 59.)

213 2864 533 2940 Secundo-Quando
555 2864 667 2924 dicitur
681 2865 896 2943 1.-proprium
911 2883 972 2925 esse
994 2864 1128 2939 actionia
1143 2865 1223 2945 quod
1237 2867 1276 2926 ait

174 2961 334 3040 conjuncta
348 2981 414 3020 cum
432 2959 524 3033 motu,
535 2960 655 3021 nomine
669 2967 760 3020 raetia
771 2961 854 3021 venit
864 2961 987 3039 quaevis
998 2963 1124 3023 mutatio
1133 2963 1274 3041 potitium

163 3061 248 3118 ‘haec
263 3071 373 3130 autem,
389 3070 422 3118 ut
436 3079 489 3137 per
502 3079 532 3118 se
548 3069 637 3138 patet,
652 3059 756 3136 nequit
775 3057 840 3118 fieri
854 3058 911 3118 nisi
924 3057 964 3118 ab
979 3057 1080 3138 aliquo
1094 3069 1232 3120 movente
1245 3071 1275 3120 et

175 3167 387 3234 ‹rorisequentar
401 3166 507 3234 agente
529 3175 582 3233 per
596 3153 728 3232 aliquam
744 3153 1018 3214 actionem—Item
1033 3175 1101 3214 cum
1116 3155 1227 3216 dicitur
1240 3173 1275 3216 11.

174 3255 288 3312 —aetio
305 3253 390 3330 insert
405 3254 579 3330 passionen,
594 3251 651 3311 hoo
665 3251 742 3310 idem
759 3259 802 3311 est
816 3271 851 3311 ac
865 3251 978 3312 dicere:
994 3253 1073 3330 quod
1091 3253 1188 3313 omnis
1202 3255 1275 3313 aaa

170 3369 280 3426 seraper
295 3349 379 3408 labet
389 3349 570 3428 rarq'aaetam
580 3351 764 3408 rarrtata'oaem
777 3347 925 3428 (intellige
936 3349 965 3408 in
981 3349 1115 3430 subjecta
1125 3349 1274 3429 maaria).

174 3447 377 3522 (quinnobrem
394 3444 567 3506 excluditur
578 3447 691 3518 creatio,
704 3465 780 3524 quae
794 3445 925 3524 quidem,
936 3455 970 3506 ut
984 3466 1075 3525 supra
1085 3448 1274 3526 caeteroquin

174 3545 351 3616 notavimus,
376 3563 432 3603 non
457 3554 500 3603 est
523 3544 601 3602 actio
618 3543 902 3621 praedicamentalis,
925 3543 962 3603 de
984 3563 1045 3622 qua
1067 3545 1275 3606 tantummodo

174 3641 222 3698 hir
236 3640 361 3718 agimus.
405 3639 486 3698 lllnd
508 3649 608 3698 autem
625 3639 732 3717 inferre
745 3643 822 3698 “non
838 3638 926 3699 debet
940 3638 1067 3719 intelligi
1085 3641 1142 3717 (ait
1155 3641 1273 3702 Suarez.

173 3737 209 3798 D.
225 3741 272 3798 «ld.
287 3763 308 3797 a.
325 3741 367 3814 5.)
384 3759 435 3817 per
456 3739 608 3817 propriam
633 3739 812 3816 efficientiam
832 3749 861 3798 et
885 3739 1090 3812 cataclitatem,
1111 3761 1183 3800 nam
1204 3761 1271 3802 eum

172 3836 250 3895 actio
265 3849 293 3895 et
317 3837 412 3914 passio
434 3857 492 3895 non
516 3835 740 3914 distinguantur
763 3838 792 3894 in
808 3857 848 3908 re,
863 3855 922 3895 uon
944 3844 1040 3914 potest
1061 3836 1201 3899 intereas
1215 3859 1275 3900 esse

172 3933 292 4011 propria
306 3932 481 4004 cariuilitas3
497 3953 592 4011 neque
606 3933 695 3992 etiam
712 3932 938 4011 intelligendum
954 3942 998 3993 est
1011 3933 1107 3993 solum
1122 3935 1158 3995 de
1171 3935 1275 3998 illatio-

172 4051 206 4089 ac
232 4030 455 4109 coriaeqaentiaa
483 4049 552 4088 nam
576 4029 632 4088 hoc
660 4029 860 4089 modoetiam
884 4029 982 4108 passio
1004 4029 1095 4091 infert
1118 4033 1274 4095 actionem.

170 4127 228 4187 Sed
252 4126 477 4206 intelligendum
494 4135 538 4186 est
552 4125 588 4186 de
603 4127 732 4186 illritmae
745 4147 764 4185 a
781 4128 888 4204 priori,
903 4147 937 4188 eo
951 4126 1040 4188 modo
1060 4148 1120 4206 quo
1133 4149 1195 4192 una
1208 4151 1275 4212 pro
1323 4119 1326 4128 ’

92 4245 95 4252 “
172 4225 281 4304 pristas
295 4224 406 4284 dicitur
420 4244 480 4283 esse
494 4223 571 4284 ratio
586 4222 717 4297 alterius,
732 4223 771 4284 ad
786 4222 866 4302 quod
880 4223 990 4286 sufficit
999 4225 1139 4287 virtualis
1153 4226 1273 4290 distino-

169 4321 211 4397 tio
224 4341 274 4382 sen
285 4321 442 4382 distinctio
455 4324 579 4383 rationis
589 4343 657 4382 cum
672 4322 868 4383 fundamento
882 4323 914 4383 in
928 4323 988 4386 re.''
1030 4326 1074 4403 (n.
1089 4327 1152 4406 84.)
