3138 4956
463 435 510 495 ns
536 435 631 496 rma
653 435 761 496 neas
787 434 966 514 opsono.
1202 432 1259 491 su

158 629 260 702 sumit,
281 626 413 688 omnium
436 648 557 688 suarum
583 626 795 690 deductiouum
820 627 935 702 seriem,
949 646 1011 688 uno
1035 626 1129 688 veluti
1143 626 1260 695 obtutu,

152 726 221 803 jam
236 724 275 784 ab
297 724 367 802 ipsis
388 725 481 784 initiis
502 724 763 802 contemplandam
789 725 883 785 offert
925 723 1047 784 Exinde
1070 722 1260 801 consequitur

164 823 354 900 ils-Quod
369 823 488 884 facilius
502 835 566 884 tota
580 825 720 884 tractatio
735 825 896 884 memoriae
909 823 1073 885 retineatur
1087 833 1125 894 et,
1139 820 1260 900 quando

159 941 236 999 opus
249 920 349 992 luerit,
364 921 432 980 aliis
446 920 690 982 communicetur.
733 919 821 982 Haec
842 931 943 982 autem
967 920 998 980 in
1021 919 1139 997 analysi
1161 919 1260 978 locum

161 1037 221 1076 non
246 1016 367 1078 habent
409 1016 494 1078 Hinc
517 1037 633 1097 semper
656 1018 809 1097 synthesim
837 1018 1042 1079 adhibuerunt
1070 1019 1099 1077 in
1128 1017 1259 1077 dotando

159 1113 335 1174 Scholastici
362 1113 522 1174 Doctores:
544 1114 624 1176 unde
646 1115 751 1174 merito
765 1115 839 1176 hacc
860 1115 1007 1176 radbodus
1031 1115 1196 1186 Doctrinae,
1212 1113 1257 1172 vel

164 1209 353 1288 Disciplince
372 1213 623 1289 quemadmodum
643 1212 739 1274 altera
759 1213 911 1274 Metitodaa
932 1213 1111 1274 Incertionio
1131 1212 1261 1273 denomi-

160 1321 234 1368 nata
247 1317 340 1368 sst-

148 1497 153 1506 '
200 1502 286 1564 Drco
307 1476 458 1564 Iu-As
470 1506 605 1566 emendae
613 1507 829 1586 acquisitionem
839 1513 896 1565 tom
911 1505 1038 1584 ormiyaia
1051 1524 1138 1584 qnoro
1151 1502 1258 1582 sycilie»

158 1603 199 1660 sia
212 1609 251 1660 est
271 1604 431 1662 rmcessoric
442 1610 524 1662 :-ot
544 1611 640 1664 aretem
659 1605 779 1664 scientis
800 1603 963 1682 objectivom
983 1621 1081 1660 rernm
1101 1599 1260 1659 reciiiotern

156 1699 241 1758 nobis
262 1700 428 1778 mandant,
443 1721 586 1761 necessum
600 1707 647 1774 est,
660 1708 694 1760 ct
717 1701 845 1780 cnoiysr'tr
867 1699 992 1778 spathan
1009 1695 1165 1776 praecedat
1176 1697 1258 1754 ³-in

158 1799 279 1856 mientio
302 1805 397 1857 cutem
419 1799 501 1858 totali
523 1799 677 1872 nodutdo,
692 1801 744 1859 etsi
764 1806 887 1878 raroque
900 1796 1036 1858 adbiberi
1053 1815 1109 1872 per
1122 1814 1151 1854 aa
1160 1795 1259 1871 possit,

158 1895 316 1972 syntlrebco
329 1903 425 1956 tomen
438 1895 586 1956 methodus
599 1904 638 1957 est
647 1917 704 1975 pro
718 1897 882 1957 adimens
894 1897 1133 1974 opposbsoioa-
1213 1915 1217 1921 ·

323 2089 455 2148 Assertio
470 2099 529 2148 tres
543 2091 675 2150 continet
689 2100 795 2168 partes
897 2099 902 2109 “

201 2183 268 2244 365.
312 2183 463 2245 Probatur
478 2203 498 2245 1.
516 2185 678 2264 pars-Et
691 2186 789 2265 primo
803 2185 941 2264 quidem:
963 2183 1095 2245 Scientia
1108 2191 1153 2242 est
1165 2183 1258 2261 coqui

159 2282 256 2340 tiorei
273 2301 330 2359 per
354 2283 504 2359 propritim
527 2301 644 2342 consum
659 2285 702 2360 (n.
731 2281 813 2359 336).
858 2281 928 2340 Duo
950 2280 1075 2359 proinde
1097 2279 1259 2339 necessario

160 2378 299 2457 requirit:
329 2378 438 2452 a)-ut
461 2399 674 2457 cognoscamus
695 2379 740 2438 rei
761 2399 895 2438 coruom:
918 2377 1028 2456 bl-ut
1049 2397 1259 2454 cognoscamus

157 2479 361 2536 coronationem
382 2478 424 2536 rei
448 2497 515 2536 curn
537 2495 592 2536 sua
614 2497 712 2548 eausa,
726 2475 898 2555 undamque
921 2495 981 2554 quo
1004 2495 1049 2534 res
1062 2494 1081 2534 a
1094 2493 1149 2534 sua
1171 2494 1260 2534 causa

160 2573 300 2650 procedit.
339 2572 473 2632 Primum
490 2583 623 2651 praestat
637 2571 783 2650 Aoolyeia,
793 2573 877 2652 cujus
888 2591 983 2651 opes
997 2570 1166 2649 cognitione
1179 2569 1260 2630 effec-

159 2679 206 2728 tus
220 2667 259 2728 ad
275 2689 381 2728 causae
395 2670 594 2747 cognitionem
607 2669 805 2748 assurgimus:
819 2669 982 2730 secundum
998 2678 1131 2748 praestat
1143 2667 1259 2746 Synthe-

157 2765 205 2834 sis,
220 2765 305 2843 cnjus
325 2785 389 2843 ope,
404 2785 423 2824 a
437 2786 527 2826 eausa
544 2767 608 2845 jam
634 2767 755 2846 cognita
776 2767 814 2827 ad
837 2767 972 2828 ellectum
995 2765 1200 2826 descendimus
1216 2766 1258 2843 (n.

159 2859 251 2937 357.).
294 2859 377 2938 Ergo
391 2861 430 2920 ad
444 2863 585 2922 scientiae
599 2863 823 2941 acquisitionem
838 2883 896 2923 non
913 2862 1002 2922 modo
1016 2863 1152 2940 acolytis,
1165 2861 1214 2920 sed
1230 2871 1258 2921 et

158 2955 296 3034 modieis
309 2969 353 3016 est
376 2959 551 3018 rrecessaria.
594 2959 798 3036 Quamobrem
820 2960 949 3038 ononsia
969 2959 1110 3020 scientiae
1131 2959 1257 3020 iru'tiuru.

157 3052 296 3130 synthesis
319 3075 390 3114 vero
417 3055 559 3115 scientiae
581 3056 718 3134 perfectio
745 3066 775 3116 et
800 3057 1034 3134 complementum
1056 3055 1125 3134 jure
1152 3057 1258 3114 merito

159 3159 359 3238 nuncupatur.
402 3149 463 3211 llla
489 3152 663 3230 suppeditat
688 3153 849 3224 mariam,
878 3151 957 3212 unde
983 3151 1108 3211 scientia
1135 3151 1257 3210 formari

160 3255 262 3323 potest,
276 3254 306 3304 ct
319 3245 361 3306 sio
375 3247 451 3305 nom
465 3246 504 3306 ad
518 3247 744 3326 acquisitionem
758 3247 898 3308 scientiae
912 3256 1017 3326 parat;
1039 3246 1113 3306 hacc
1127 3267 1165 3305 ex
1179 3247 1257 3326 priu-

156 3341 243 3420 cipiis
257 3341 387 3416 deducit,
400 3343 634 3404 ratiocinationis
648 3363 713 3422 ope,
724 3343 925 3404 conclusiones
936 3353 966 3403 et
978 3343 1021 3404 sie
1029 3349 1129 3402 causat
1136 3345 1259 3420 proprie

156 3439 310 3499 scientiam
334 3459 459 3518 uinique
481 3439 520 3499 ad
543 3438 792 3518 complementum
816 3437 1073 3500 adducit-Hinc
1101 3440 1206 3498 merito
1228 3438 1257 3498 S.

158 3535 290 3598 Thomas
303 3537 363 3596 ait:
386 3537 582 3616 “temporalia
596 3547 627 3596 et
639 3547 762 3598 aeterna
775 3546 990 3616 comparantur
1002 3537 1041 3597 ad
1056 3537 1255 3616 cognitionem

157 3643 288 3695 nostram
310 3635 367 3694 boc
381 3635 478 3708 modo,
492 3635 572 3713 quod
595 3655 687 3694 unum
703 3655 805 3695 eorum
820 3645 865 3696 est
886 3635 1016 3695 medium
1030 3635 1069 3694 ad
1084 3655 1257 3712 cognoscen-

156 3733 230 3792 dum
244 3733 382 3792 alterum.
425 3731 505 3792 Nam
519 3733 682 3792 seeundum
696 3735 773 3792 orem
786 3735 969 3805 inventione,
984 3751 1037 3811 per
1051 3751 1097 3794 res
1110 3743 1256 3811 tempora·

157 3829 199 3888 les
212 3827 244 3887 in
259 3827 458 3906 cognitionem
474 3828 648 3888 devenimus
662 3837 859 3902 aeternorum,
873 3827 1036 3890 meandum
1059 3827 1135 3888 illud
1159 3827 1255 3907 Apos-

155 3925 209 3984 toli
225 3923 328 4002 (Rom.
346 3928 371 3984 l.
388 3926 449 4002 20.)
466 3925 632 3986 Irrvisibiiic
647 3925 706 3986 Dei
717 3947 772 4004 per
785 3949 828 4000 eo,
842 3947 917 4007 quoe
929 3927 1012 4005 sado
1024 3933 1100 3998 suot,
1113 3926 1255 3986 intellecto

154 4023 378 4099 conspiciantur.
421 4021 457 4081 In
481 4025 529 4082 cic
550 4043 623 4084 vero
636 4022 757 4102 judicii,
772 4041 825 4102 per
849 4032 971 4084 aeterna
988 4024 1053 4103 jam
1076 4023 1196 4101 cognita
1219 4024 1256 4084 de

155 4117 370 4196 temporalibus
393 4119 575 4197 judicamus,
602 4128 633 4180 et
658 4119 821 4179 secundum
851 4119 981 4180 rationes
1007 4127 1196 4180 aeternorum
1219 4119 1257 4181 de

154 4215 370 4295 temporalibus
387 4217 586 4296 judicamus.''
628 4217 720 4294 Quod
745 4227 844 4278 autem
867 4217 898 4279 Β.
914 4217 1028 4278 Doctor
1047 4207 1098 4276 hii
1118 4215 1193 4276 dicit
1218 4217 1255 4279 de

152 4313 369 4392 temporalibus
390 4327 522 4392 respectu
538 4323 737 4386 aeternorum,
750 4313 811 4374 dici
825 4314 938 4392 pariter
950 4311 1040 4374 debet
1053 4312 1091 4372 de
1103 4311 1256 4374 effectibus
