3138 4956
452 457 500 518 Dc
526 458 622 518 Tertia
643 457 752 518 Meritis
778 455 958 534 Operatione.
1195 455 1252 513 319

150 663 182 712 et
196 653 378 730 composita;
400 654 451 731 qui
467 654 596 731 primum
612 652 748 730 detegere
762 671 871 712 novam
888 651 1043 710 veritatem
1058 649 1166 722 studet,
1181 649 1253 728 ejur-

151 769 210 826 que
224 749 407 827 scicrrtrflcarn
429 749 626 826 cognitionem
641 748 803 826 acquirere,
818 747 843 807 is
857 769 875 806 a
889 755 1080 806 concretorum
1094 747 1253 806 numidaru-

152 847 230 904 iione
243 865 369 904 examen
386 845 506 906 inchoet
520 865 668 905 necessum
691 855 743 915 cst,
757 854 787 903 ct
801 863 919 922 quaque
933 863 1035 904 versus
1050 863 1110 902 rem
1126 853 1253 902 contem-

153 941 275 1019 plando,
303 941 464 1020 diligenter
487 941 668 1020 perpendere
692 939 789 1012 debet,
813 959 886 998 num
909 939 1072 999 consimilis
1097 939 1200 1017 aliqua
1222 940 1252 998 in

153 1038 292 1097 omnibns
306 1040 390 1108 ratic,
406 1046 459 1096 aut
479 1038 570 1096 triens
590 1037 756 1096 elnocinium
769 1047 922 1115 appareat
964 1035 1053 1112 Quae
1078 1035 1129 1094 ubi
1154 1035 1254 1113 depre-

158 1132 304 1204 henderit,
319 1133 429 1211 poterit
454 1145 556 1212 postea
575 1155 631 1212 per
651 1137 729 1192 iriam
752 1132 889 1212 onaan
910 1154 928 1194 a
949 1153 1039 1194 causa
1053 1133 1092 1193 ad
1117 1133 1252 1193 effectum

157 1230 282 1308 regredi,
294 1242 324 1306 et
337 1230 378 1290 sic
391 1231 432 1289 rei
446 1230 638 1290 scientificam
653 1231 852 1309 cognitionem
869 1229 994 1290 babere:
1010 1240 1165 1309 cognoscet
1178 1229 1253 1290 scili-

158 1336 205 1385 cet
219 1346 290 1398 rem,
306 1347 365 1386 non
381 1348 433 1406 per
447 1349 566 1388 causam
583 1329 773 1388 arbitrariam
789 1339 820 1388 et
833 1328 1124 1407 hypotheticam‚sed
1139 1329 1252 1393 realem.

155 1441 232 1499 quac
245 1443 294 1482 sc:
316 1443 353 1482 ex
369 1424 575 1485 observatione
590 1445 687 1484 rerum
705 1425 845 1504 procedit

195 1517 517 1599 Secundo—Idipsum
528 1521 688 1581 ostendunt
702 1521 850 1600 principia
861 1522 998 1600 aquibus
1009 1523 1040 1581 in
1051 1522 1253 1601 comparanda

155 1615 212 1675 sibi
240 1617 364 1676 scientia
392 1637 475 1678 mens
502 1618 644 1696 procedit.
687 1617 871 1697 Hujusmodi
901 1639 1029 1698 namque
1057 1619 1252 1698 principiani

155 1723 304 1790 spectetur
319 1714 433 1787 modus,
448 1735 508 1793 quo
522 1715 636 1793 acquiri
652 1715 770 1792 debent,
784 1716 950 1776 consentire
963 1715 1073 1776 debent
1086 1737 1155 1775 cum
1169 1727 1254 1776 natu-

157 1828 191 1867 ra
206 1808 356 1869 humanae
378 1811 500 1870 mentis:
523 1811 595 1875 baec
609 1824 653 1871 est
667 1823 767 1871 autem
789 1821 898 1872 natura
919 1812 1070 1872 hnmanae
1090 1812 1206 1885 mentis,
1222 1827 1255 1872 ut

155 1907 248 1984 ipsius
262 1907 392 1984 cognitio
406 1927 425 1966 a
438 1907 571 1968 sensibus
585 1908 733 1968 inchoetur
746 1921 776 1968 et
800 1908 839 1968 ab
864 1909 1016 1969 intellectu
1036 1909 1254 1988 perficiatur.-

156 2003 201 2062 Of.
223 2003 253 2063 S.
275 2003 422 2064 Thomam
450 2006 491 2081 (1.
515 2025 542 2082 p.
568 2005 615 2064 85.
641 2026 668 2083 q.
696 2007 720 2063 1.
745 2005 890 2081 a.).-—Ad
916 2025 977 2065 rem
1002 2005 1031 2066 S.
1057 2005 1253 2084 Augustinus.

156 2098 264 2158 “Mens
286 2099 419 2159 bumana
443 2101 526 2178 prins
541 2101 623 2174 baec,
646 2120 723 2179 quae
742 2102 823 2162 t'acta
844 2111 922 2174 sunt,
937 2121 990 2180 per
1011 2119 1111 2162 sensus
1125 2102 1255 2180 corporis

155 2196 318 2274 experitur,
333 2217 494 2275 eorumque
519 2197 655 2257 notitiam
671 2217 725 2276 pro
747 2198 931 2258 infirmitatis
944 2219 1015 2258 suae
1030 2199 1151 2258 modulo
1165 2199 1255 2276 capit,

154 2307 184 2354 et
205 2293 312 2354 deinde
336 2294 453 2373 quaerit
476 2315 577 2353 eorum
603 2295 735 2354 causas''
778 2294 841 2371 (De
865 2293 940 2354 Gen.
965 2294 1005 2354 ad
1030 2294 1073 2354 lit.
1098 2293 1156 2354 IV.
1182 2295 1253 2369 at).

157 2389 240 2468 Ergo
263 2391 420 2469 principia,
442 2391 550 2469 quibos
574 2411 655 2451 mens
678 2403 778 2451 nostra
799 2391 837 2451 ad
861 2391 1085 2470 acquisitionem
1107 2392 1254 2452 Sciontiae

155 2487 301 2564 pervenit,
316 2488 446 2565 primum
468 2491 653 2566 reperiretis,
668 2489 774 2548 deinde
787 2491 899 2549 ratione
913 2502 1134 2568 comparantur.

195 2585 262 2645 367.
305 2584 351 2646 Ut
374 2595 473 2645 autem
498 2585 641 2665 Anaiysis
662 2586 700 2646 ad
723 2586 876 2647 scientiam
903 2585 1061 2646 ineundum
1079 2587 1174 2666 juvet,
1197 2589 1254 2646 tria

156 2683 319 2742 necessario
344 2683 546 2760 requiruntur,
570 2703 616 2742 sc:
638 2693 780 2744 accurata
802 2684 955 2743 observatio
976 2693 1006 2743 et
1030 2685 1205 2761 aperientis
1226 2699 1255 2744 et

156 2779 290 2857 legitima
317 2779 461 2838 Inductio.
504 2779 595 2852 Nam,
625 2791 659 2839 ut
686 2801 767 2840 mens
795 2781 956 2859 perfectam
985 2780 1095 2840 babeat
1116 2781 1252 2841 notitiam

155 2897 264 2950 rerum,
279 2897 405 2955 quarum
422 2897 525 2937 causas
547 2877 734 2955 postmodnm
757 2877 906 2956 inquirere
927 2877 1023 2950 debet,
1038 2897 1187 2937 necessum
1203 2893 1254 2947 est,

156 2985 190 3032 ut
203 2973 359 3050 rai—ibera
379 2973 509 3046 observet,
525 2984 613 3052 prout
627 2993 647 3032 a
661 2983 769 3034 natura
782 2981 880 3048 epona
901 2973 1082 3034 offeruntur:
1105 2973 1252 3051 b)⁶noro

155 3073 313 3149 conquirat,
330 3069 494 3148 periculum
517 3063 642 3130 naturae
664 3069 698 3130 dc
712 3070 860 3130 industrio
882 3070 1072 3143 instituendo,
1086 3081 1115 3130 et
1129 3073 1253 3150 compcl-

130 3165 246 3246 ⁸lendo
260 3186 306 3225 res
326 3167 365 3225 ad
387 3166 593 3244 phoenomena
613 3166 803 3226 exhibenda:
831 3167 942 3243 c)-ad
965 3167 1146 3226 universales
1167 3167 1253 3244 leges.

154 3263 262 3342 quibus
278 3285 322 3323 ras
337 3263 408 3323 illae
422 3275 575 3342 reguntur,
590 3264 639 3324 vel
653 3284 766 3337 causas,
781 3263 860 3324 unde
874 3265 993 3324 effectus
1007 3264 1053 3324 illi
1068 3264 1254 3343 proficiscan-

156 3369 213 3431 tur,
225 3359 404 3438 detegendas
413 3360 630 3439 progrediatur.
652 3360 704 3419 Ad
715 3361 845 3438 primum
862 3359 1034 3432 Observabo,
1043 3361 1082 3420 ad
1091 3361 1253 3420 secundum

157 3456 354 3535 Experientin
369 3458 407 3516 ad
430 3457 550 3517 tertium
573 3457 731 3517 ordinatur
745 3456 889 3516 Inductio.
932 3455 1014 3534 Ergo
1029 3458 1102 3516 haec
1117 3457 1175 3516 tria
1189 3477 1254 3535 sup

155 3564 261 3631 petunt
286 3553 391 3628 mulia,
415 3553 523 3632 quibus
548 3554 608 3632 regi
635 3553 723 3613 debet
747 3552 894 3632 Anaiysis,
910 3564 943 3613 ut
967 3554 1110 3614 &nentina
1134 3553 1249 3612 init-iarn

155 3651 347 3728 suppeditare
361 3650 470 3710 valeat.
513 3649 561 3710 De
574 3649 700 3729 singulis
714 3650 829 3728 aliquid
844 3649 992 3710 delibabo.
1282 3633 1291 3658 ⁸

199 3747 264 3807 I.-
271 3745 435 3808 Otia-vano
443 3757 502 3807 est:
513 3747 699 3807 “inimediala
711 3748 817 3808 notitia
826 3747 983 3828 factorum,
993 3747 1253 3826 seupbocnomeno

154 3867 229 3917 rom,
244 3853 333 3924 prout
353 3859 462 3904 natura
475 3853 573 3923 sponte
593 3865 648 3904 nro
670 3844 755 3904 nobis
777 3844 831 3904 illa
852 3845 1002 3906 exbibet.''
1045 3845 1132 3905 Haec
1154 3854 1253 3906 autem

154 3943 235 4003 iacta
251 3941 296 4002 vel
312 3953 383 4002 sunt
402 3942 520 4000 interm
535 3942 583 4019 (ut
597 3953 672 4020 puta
686 3941 820 4001 internae
842 3941 1074 4002 modificationes
1087 3943 1135 4003 vel
1151 3943 1254 4014 animi,

154 4038 203 4098 vel
217 4039 378 4117 conjuncti,
389 4057 464 4116 quas
478 4059 533 4116 ope
549 4037 804 4110 Oomcmruicnvel
814 4037 921 4098 Semne
931 4039 1041 4098 interni
1048 4039 1254 4118 percipimus),

152 4135 200 4196 vel
213 4142 329 4194 catervio
340 4135 388 4212 (nt
397 4145 467 4195 sunt
477 4134 710 4195 modificationes
721 4155 888 4214 corporum,
900 4155 976 4214 quae
988 4155 1039 4194 nos
1050 4136 1253 4204 circumstant,

152 4253 286 4312 quasque
306 4233 511 4292 denitunam
531 4253 584 4310 ope
605 4231 815 4310 attingimus);
836 4241 927 4310 atque
951 4231 1062 4292 idcirco
1086 4233 1254 4294 observatio

152 4330 209 4390 erit
231 4328 278 4390 vel
302 4330 428 4399 interna,
444 4327 490 4390 vel
516 4335 641 4388 ectcmo.
683 4327 822 4407 Utraque
844 4328 875 4387 in
897 4349 932 4388 eo
956 4331 1147 4402 conveniunt,
1172 4333 1252 4409 quod
