3118 4956
315 403 373 462 200
809 403 928 480 aaa.

309 595 513 672 psalmatoris:
534 603 564 654 et
578 594 701 655 aliunde
712 606 826 656 certum
840 605 884 656 est
894 606 1030 656 extrema
1040 595 1240 656 conclusionis
1255 617 1314 657 non
1330 597 1415 657 debe·

314 712 343 750 re
357 691 450 770 alapis
464 691 494 749 in
510 690 698 752 conclusione
707 699 818 770 patere,
833 713 922 770 quam
938 691 970 751 in
985 693 1159 771 praemissis.

353 786 392 847 N.
409 787 546 848 B.-Pro
559 799 668 867 quarta
684 790 791 870 figura,
806 791 890 870 cujus
905 791 960 852 boc
975 801 1018 852 est
1031 791 1170 852 schema:

717 905 747 964 P
760 932 793 955 =
813 909 831 956 ‚t
924 905 960 965 A.

718 988 736 1038 a
759 985 834 1045 εδ
922 985 955 1045 P.

715 1065 740 1125 S
759 1091 793 1116 ε
813 1065 842 1124 Ρ
925 1065 955 1127 0.
1043 1137 1047 1148 Ι

315 1177 385 1237 Hae
398 1177 509 1256 dantur
531 1176 669 1256 regulae:

355 1272 552 1350 I.—Quando
573 1275 667 1352 major
681 1284 725 1334 est
739 1274 918 1354 arffimotico,
932 1278 1028 1334 minor
1041 1287 1084 1336 est
1097 1296 1213 1354 semper
1234 1279 1410 1338 animantis.

355 1371 570 1448 II.-Quaudo
583 1373 679 1433 rainer
690 1383 734 1434 est
748 1374 930 1453 affimativa,
945 1375 1085 1434 conclusio
1099 1375 1155 1435 erit
1169 1397 1279 1454 seraper
1287 1380 1414 1455 partim·

314 1471 392 1530 laras.

355 1566 494 1628 Ill—Iu
515 1567 607 1628 modis
626 1570 767 1647 capaticis
776 1571 874 1649 ,major
888 1572 945 1631 erit
964 1591 1080 1650 semper
1100 1573 1280 1631 aniversalis.
1324 1572 1413 1632 Ratio

315 1664 472 1724 siranifesta
485 1663 537 1724 liet
550 1665 718 1744 inspicienti
732 1667 853 1726 schema
867 1668 1059 1746 propositum.

357 1859 441 1918 cho
474 1857 733 1936 Ill—Senapinta
762 1867 884 1939 motator
913 1860 1063 1938 possibiles
1087 1867 1154 1920 sanat
1180 1860 1412 1937 Syllayrismornn

318 1959 448 2018 Medi.—

357 2149 423 2210 346.
467 2149 617 2210 Probatur
639 2151 1068 2212 assertio—Primo—Modna
1095 2152 1268 2232 Syllogismi
1292 2151 1411 2213 resultat

316 2268 349 2305 aa
363 2247 475 2307 diversa
491 2249 719 2324 praemissarum
732 2248 925 2328 dispositione,
940 2249 1038 2328 quoad
1060 2249 1191 2328 ipsarum
1207 2249 1373 2329 qualitatem
1387 2261 1414 2307 et

316 2345 502 2424 quainitctens
517 2347 560 2421 (n.
577 2343 669 2422 234).
712 2345 782 2420 Quo
798 2345 893 2424 posito
906 2347 948 2406 sic
963 2367 1065 2424 argue.
1108 2345 1166 2406 'lot
1179 2355 1249 2404 suut
1266 2344 1413 2424 possibiles

318 2440 403 2512 iaedi,
418 2449 491 2518 quot
506 2441 733 2518 promissarum
748 2441 946 2519 dispositiones
958 2441 1021 2501 fieri
1038 2453 1160 2521 possunt
1174 2441 1204 2501 in
1221 2441 1336 2502 ratione
1349 2462 1415 2521 qno·

316 2538 405 2596 litatis
419 2547 448 2597 et
462 2537 637 2617 qemntitatis.
682 2537 776 2616 Atqui
790 2539 941 2616 senapinta
957 2546 1086 2619 vquatuor
1099 2538 1162 2598 lieri
1186 2548 1309 2630 possunt
1324 2537 1413 2615 dispo

316 2638 431 2695 amonica
453 2634 632 2714 hujusmodi.
676 2633 757 2714 Ergo
771 2639 921 2714 canapinis
935 2643 1059 2716 qnctnor
1072 2645 1175 2696 extare
1200 2646 1324 2715 possunt
1337 2635 1414 2714 syllo-

317 2737 472 2810 pisanam
486 2731 572 2792 modi.

360 2829 446 2891 Prob.
471 2829 696 2891 minan-Nam
711 2831 736 2890 si
758 2830 822 2891 sola
844 2830 1010 2892 attenditur
1031 2831 1164 2911 quatias,
1179 2831 1209 2890 in
1237 2851 1413 2910 unaquaque

317 2929 414 3007 figura
428 2939 557 3007 quatuor
572 2927 675 2987 haberi
699 2938 822 3006 possunt
835 2926 916 2988 modi
932 2926 995 3006 (vel
1009 2927 1089 2987 enim
1106 2939 1233 3006 utraque
1255 2926 1413 3006 prnsmiaea

318 3038 361 3085 est
375 3025 567 3105 affimaticm
581 3025 629 3085 vel
644 3035 771 3104 utraque
785 3027 918 3104 neyativa
926 3047 937 3096 ;
952 3024 1000 3086 vel
1014 3026 1110 3104 major
1124 3025 1307 3105 affimativa,
1322 3027 1415 3085 minor

319 3143 388 3181 vero
404 3123 536 3200 neqoliva
544 3145 554 3191 ;
574 3121 621 3182 vel
636 3142 652 3180 e
667 3141 808 3182 converso
823 3121 919 3181 minor
933 3121 1115 3201 affimativa,
1132 3121 1227 3201 major
1241 3143 1312 3182 vero
1335 3143 1415 3200 nepa-

318 3218 491 3293 tina).—Sin
509 3229 609 3278 autem
632 3219 708 3278 ratio
723 3218 870 3279 habeatur
884 3220 1061 3298 affinitatis,
1077 3219 1278 3298 uuusquisque
1293 3219 1412 3279 istarum

320 3317 473 3376 modorum
497 3325 603 3394 quater
617 3314 729 3375 variari
752 3325 847 3394 potest
862 3315 924 3392 (vel
947 3316 1026 3375 enim
1051 3325 1176 3394 utraque
1199 3315 1361 3394 praemisse
1373 3323 1414 3372 est

318 3413 506 3482 aniversalis;
529 3410 576 3471 vel
592 3423 718 3490 utraque
727 3413 937 3488 parttmdaris:
953 3410 1000 3472 vel
1016 3413 1111 3491 major
1125 3411 1306 3482 unicasalis,
1321 3410 1415 3470 minor

321 3532 389 3572 vero
411 3509 616 3589 porticalium
639 3507 685 3568 vel
707 3528 878 3569 econverso
902 3509 997 3586 major
1014 3508 1214 3587 particularis,
1229 3507 1327 3568 minor
1350 3527 1416 3566 vero

320 3607 512 3684 universalis).
554 3606 637 3685 Ergo
660 3607 691 3665 in
715 3626 893 3685 unaquaque
917 3605 1014 3686 figura
1037 3607 1156 3667 sedecim
1180 3605 1260 3666 modi
1283 3605 1414 3666 existent

322 3705 415 3784 Atqui
423 3705 541 3784 fipnrce
554 3713 624 3763 sunt
638 3710 701 3776 tres,
715 3713 745 3763 et
764 3704 865 3782 prima
879 3702 1055 3764 concludere
1070 3714 1164 3783 potest
1179 3701 1355 3791 relabente,
1370 3699 1413 3760 vel

320 3802 464 3861 indirecta.
506 3800 589 3878 Ergo
603 3799 729 3860 sedecim
745 3800 832 3860 debet
846 3811 952 3880 quater
964 3802 1051 3860 sumi.
1096 3801 1191 3880 Atqui
1206 3799 1244 3860 16
1258 3815 1281 3862 ><
1299 3797 1413 3860 4=6t

323 3897 405 3976 Ergo
418 3909 472 3957 etc.
550 3909 554 3918 '

359 3994 596 4055 Secundo-Ad
610 3994 745 4054 eamdem
761 3994 979 4055 conclusionem
994 3994 1140 4066 devenies
1154 3995 1178 4055 si
1194 3994 1274 4054 facta
1288 3994 1411 4054 abstrac

323 4093 434 4152 tionea
457 4090 571 4170 figuris,
586 4091 808 4151 combinationes
828 4093 981 4165 ternarias,
995 4112 1073 4172 quae
1096 4112 1134 4151 ex
1159 4101 1289 4170 quatuor
1311 4090 1413 4150 litteris

322 4209 412 4268 .quae
439 4187 673 4267 propositionum
702 4187 888 4266 puerilitatem
913 4207 948 4247 ac
973 4189 1137 4268 qnalitmeni
1161 4187 1319 4263 exhibent)
1344 4183 1411 4245 oriri

322 4294 451 4363 possunt,
466 4277 706 4344 consideraveris.
748 4281 842 4344 Porro
857 4284 1027 4364 hujusmodi
1042 4285 1275 4346 combinationes
1285 4284 1410 4362 mopia-

319 4389 349 4440 ta
363 4387 487 4460 peninar
502 4399 625 4439 nurnero
638 4389 717 4450 sunt,
732 4389 765 4439 ut
779 4379 811 4439 in
825 4380 957 4460 subjecto
970 4381 1120 4442 schemate
1134 4380 1236 4443 videre
1250 4383 1364 4462 poteris
