3172 4950
471 417 514 479 lle
536 417 638 479 Pri-um
653 416 761 478 Mentis
781 417 961 496 operuimus.
1221 412 1262 474 'ut

200 615 314 697 Quoad
336 616 461 694 spe-ient
486 617 513 673 4.
528 614 636 674 attinet
657 613 700 671 nil
722 623 766 672 est
787 612 866 690 quod
890 611 1043 671 addamus.
1085 612 1164 670 Satis
1178 610 1214 669 de
1229 631 1261 670 ua

159 731 191 770 su
201 733 254 790 pra
268 715 312 790 (n.
329 714 389 786 74.)
406 712 546 772 diximus.

203 810 250 868 82.
291 809 443 868 Passiones
464 803 743 885 Qaerulitutia-Tres
757 818 978 868 enumerantur.

204 907 306 966 Prima
328 906 540 967 oet.-Hubere
562 903 948 980 eontrarium-Quaedam
974 903 1053 963 euim
1068 903 1143 974 (nort
1162 913 1260 961 taurea

156 1001 276 1080 enimes)
292 1003 452 1083 qualitates
477 1005 619 1062 contrarie
640 1013 841 1080 opponuntur,
857 1013 890 1060 ut
907 1021 933 1060 v.
947 1023 975 1078 g.
992 1001 1087 1060 virtus
1102 1000 1262 1078 opponitur

161 1100 305 1159 auetrurie
329 1100 409 1159 vitio.
455 1099 527 1159 Dixi
552 1121 610 1158 iton
625 1119 737 1158 erronea:
759 1099 830 1176 qnia
854 1097 974 1166 rubedo,
991 1097 1130 1174 palleret
1155 1097 1258 1184 reliqui

159 1195 273 1256 volones
290 1195 378 1255 medii
393 1197 575 1256 eontrarium
592 1217 649 1256 nou
659 1195 788 1256 ltulrent:
804 1195 880 1254 idem
897 1195 946 1253 die
960 1195 997 1254 de
1018 1193 1129 1273 figuris
1141 1193 1177 1254 du
1190 1194 1261 1253 luno.

202 1292 340 1353 Semuma
363 1293 604 1371 est—Suaripare
626 1295 719 1370 inopis
734 1300 758 1351 et
772 1291 1000 1351 minua-Nam
1023 1290 1171 1370 quaedam
1188 1293 1261 1368 (riou

163 1403 263 1448 tamen
279 1389 393 1464 omnes)
409 1389 578 1466 qualitates,
594 1400 627 1450 nt
642 1411 669 1450 v.
684 1411 712 1467 g.
724 1389 814 1458 ealor,
831 1399 953 1467 possunt
966 1389 1080 1449 intendi
1095 1403 1147 1448 atu
1165 1389 1260 1448 reinit—

165 1485 194 1546 ti.
239 1487 313 1546 Dixi
339 1509 394 1546 uon
421 1509 533 1546 orreum:
565 1487 634 1565 qnia
662 1487 773 1564 ligirrae
798 1497 827 1546 et
851 1487 999 1565 potentiae
1025 1485 1175 1556 naturales
1201 1507 1257 1545 non

160 1583 367 1644 iiitondnntur.
1229 1599 1232 1604 '

201 1680 302 1740 Tertia
316 1673 551 1758 est-Qualitas
565 1692 609 1741 est
621 1680 847 1758 jandan-eatam
862 1678 1064 1740 riutilitndr'nm
1077 1688 1103 1739 at
1116 1679 1264 1740 diasirnili·

162 1777 274 1836 ludi-nis
285 1779 332 1854 (n,
350 1777 509 1852 tan—Eu
526 1778 656 1836 maxime
675 1779 800 1854 prropria
814 1775 976 1854 qualitatis.
1020 1775 1140 1836 Exinde
1163 1791 1259 1836 tarnem

159 1893 198 1932 ne
215 1873 322 1933 inferas
343 1873 439 1932 simile
454 1885 481 1932 ut
504 1873 647 1932 dissimile
660 1895 721 1934 esse
735 1873 911 1952 qualitates:
933 1886 1002 1933 suut
1013 1893 1142 1952 namque
1156 1874 1194 1932 ad
1210 1873 1262 1932 ali·

162 1971 252 2048 quid:
268 1980 400 2031 attamen
418 1972 565 2050 passiones
579 1971 734 2050 qualitatis
747 1955 826 2031 sunt'
868 1970 897 2030 N
899 1992 936 2031 on
952 1987 995 2032 est
1009 1983 1109 2032 auran
1123 1973 1260 2032 inconve-

163 2067 255 2140 nieus,
277 2065 356 2145 quod
380 2088 424 2126 res
447 2068 477 2126 in
501 2089 562 2128 uno
584 2067 833 2148 praeditamenta
848 2078 937 2147 atque
960 2068 1089 2150 ejusdem
1112 2070 1209 2148 passio
1232 2071 1260 2130 iu

159 2163 258 2223 altero
279 2163 455 2224 collooetur':
477 2165 519 2224 sie
541 2166 652 2244 pariter
673 2166 753 2226 domo
774 2178 817 2226 est
838 2165 1015 2244 substantio,
1029 2179 1059 2227 et
1079 2168 1142 2247 ejus
1167 2170 1262 2246 paeto

162 2283 209 2320 se:
231 2261 383 2322 stabilitos
395 2274 439 2321 est
452 2261 591 2340 qualitas.

202 2357 264 2417 Hie
278 2377 420 2436 quaerere
443 2359 761 2437 poteria-Quomodo
783 2359 916 2439 dignosci
931 2362 1022 2440 possit
1035 2359 1074 2420 ad
1098 2381 1259 2440 quamnam

161 2453 288 2532 speeiem
303 2454 451 2532 pertineat
464 2454 567 2533 aliqua
581 2454 721 2534 qualitas,
732 2477 809 2535 quae
824 2457 921 2535 prima
934 2457 1033 2518 fronte
1044 2457 1163 2519 videtur
1178 2459 1261 2520 redu·

157 2552 187 2611 ei
203 2571 286 2630 posse
300 2550 339 2612 ad
353 2551 504 2630 duplicem
518 2553 666 2630 speeiem?

204 2647 684 2726 &spondeo—Considerandum
710 2663 752 2712 est
777 2651 817 2723 id,
840 2652 919 2731 quod
944 2662 988 2713 est
1007 2653 1206 2732 prium'pultns
1231 2655 1260 2713 in

161 2743 235 2821 ipsa,
250 2753 280 2804 et
293 2745 456 2804 seeundum
472 2745 502 2804 id
517 2744 605 2806 debet
618 2747 644 2806 ei
660 2747 804 2826 assignari
825 2748 943 2827 speeies
985 2747 1034 2809 Sic
1048 2770 1076 2809 v.
1091 2771 1119 2828 g.
1136 2751 1165 2809 id
1181 2749 1260 2829 qnod

161 2840 356 2920 principalius
377 2841 572 2903 videturesse
586 2843 616 2902 iu
631 2841 730 2904 oalore
744 2854 788 2904 est
801 2844 880 2923 quod
895 2844 934 2904 sit
947 2843 1077 2923 qualitas
1091 2845 1260 2920 alterativa
1340 2865 1344 2873 ·

161 2939 286 3017 ideoque
299 2940 485 3000 minuetur
498 2939 537 2999 ad
554 2941 630 3002 3am.
645 2941 771 3019 speeiem
796 2941 932 3020 pertinet,
947 2941 1065 3000 tametsi
1085 2941 1260 3000 aoenrtdario

160 3035 199 3094 sit
213 3035 392 3115 principium
411 3034 519 3112 agendi
534 3037 566 3096 in
580 3036 657 3115 igne,
672 3036 796 3116 ideoque
810 3036 948 3097 videatur
971 3036 1093 3096 induere
1114 3037 1258 3098 rationem

162 3130 320 3210 potentiae
350 3130 377 3191 E
392 3143 496 3192 eontra
511 3132 556 3192 via
571 3133 718 3194 nutritiva
728 3135 933 3212 palticipalr'ter
947 3133 1104 3194 ordinatur
1118 3134 1157 3194 ad
1173 3155 1259 3214 agen·

158 3228 242 3301 dum,
257 3229 374 3289 tametsi
388 3229 561 3289 sentrudorio
576 3240 676 3290 oauset
691 3231 720 3290 in
731 3231 876 3291 alimento
886 3215 1102 3292 alterationem.
1147 3231 1258 3308 Quam·

158 3325 261 3384 obrem
277 3325 341 3404 ipsa
355 3326 541 3386 essentialiter
554 3325 593 3386 ad
609 3327 635 3387 2.
650 3328 776 3406 speeiem
791 3327 927 3405 pertinet.

202 3423 302 3501 Atque
317 3421 389 3482 hae<¹
404 3423 441 3482 de
465 3423 612 3502 qualitate
625 3424 784 3496 sufficiant,
799 3425 831 3484 in
845 3444 905 3502 qua
919 3423 1100 3502 explicanda
1121 3439 1260 3504 opportu-

160 3541 232 3580 num
249 3519 333 3580 nobis
354 3521 449 3580 visum
474 3535 516 3581 est
540 3521 652 3583 diutius
666 3523 832 3594 immorari,
846 3523 957 3601 qnippe
979 3523 1041 3602 ejus
1064 3523 1262 3585 oonsideratio

158 3633 201 3676 ou
218 3619 246 3676 iu
263 3629 327 3679 tota
340 3618 530 3697 philesophia
545 3619 695 3679 maximae
709 3619 897 3680 ueoessitatis
