3358 4952
461 493 508 552 ne
535 491 635 552 nen
651 492 758 552 nmio
784 490 966 571 Quone.
1205 495 1261 556 167

200 687 401 748 Gornllerinm
423 685 545 748 IL—In
571 687 741 748 Rutiooinio
755 689 815 762 trio
835 696 906 748 sunt
917 687 1046 766 judicio,
1061 699 1095 748 ut
1116 707 1154 748 ex
1176 687 1264 747 dietis

158 793 284 844 constat.
327 782 448 842 Horum
476 783 617 844 ultimum
649 782 797 863 judicium
827 783 992 856 medianam,
1021 783 1182 858 dodonem,
1211 797 1264 844 ortt

159 901 331 961 rorweqnens
344 891 545 960 nuncupetur,
556 891 586 941 et
600 891 643 941 est
658 880 756 959 potins
767 879 880 958 φάτω
894 884 1076 953 neceesarium
1089 901 1179 960 qnam
1194 901 1263 960 pers

163 978 375 1038 Rutioeinii.-

203 1075 402 1136 (kirollerinrn
425 1075 596 1136 lll.-—Non
612 1085 656 1135 est
669 1074 881 1134 mnfundendu
900 1077 1116 1154 Cbmeqraentio,
1132 1075 1179 1136 vel
1194 1096 1262 1135 eum

164 1170 396 1250 apprehensione
409 1173 509 1249 ipsine,
526 1170 571 1230 vel
588 1191 655 1230 uum
671 1173 858 1250 ooneeqnenti.
906 1171 1112 1250 temptentur
1126 1171 1205 1230 enim
1220 1183 1264 1232 est

162 1269 230 1346 ipse
253 1269 408 1328 notionum
424 1267 462 1327 ad
486 1267 613 1328 invicem
637 1267 743 1328 relatio
756 1287 794 1328 ex
820 1267 1015 1328 relationibus
1039 1268 1170 1347 ipserum
1195 1289 1261 1328 oum

162 1366 252 1425 tertie
265 1364 440 1425 dimanans:
462 1365 542 1424 unde
556 1363 689 1444 objectiva
703 1375 755 1424 est.
771 1395 775 1406 ·
798 1363 998 1442 Apprelternio
1013 1385 1083 1425 vero
1097 1387 1264 1446 eormeqnen·

161 1464 221 1520 tiae
235 1471 279 1521 est
293 1471 376 1521 aetus
391 1460 497 1520 mentis
520 1461 597 1520 hono
612 1459 784 1521 relationem
808 1460 988 1539 percipiens:
1011 1461 1090 1520 unde
1110 1461 1263 1540 ritbjeetinr

161 1568 214 1617 est
262 1557 440 1637 Cornepnene
453 1557 573 1616 demum
584 1557 734 1636 judicium
744 1570 797 1630 est,
811 1556 891 1634 quod
907 1557 985 1616 hene
998 1557 1262 1636 apprehensionem

161 1654 369 1732 ronsequitur3
392 1655 471 1714 unde
483 1654 668 1732 mrbjeotioum
681 1665 712 1714 et
726 1654 823 1732 ipsum
838 1664 930 1714 eet.-

205 1846 290 1907 nno
312 1813 592 1922 rennuerent
606 1847 698 1908 meno
718 1847 871 1926 nimpe
892 1847 1065 1921 lemene,
1080 1856 1131 1908 nn
1152 1849 1265 1909 none-

157 1947 283 2024 pnntioe
298 1947 369 2023 plue
390 1949 517 2005 minume
532 1952 643 2018 renwtr,
658 1945 787 2005 nltinsoio
802 1952 897 2005 andern
918 1945 1071 2024 Principio
1098 1945 1266 2006 (enredo-

161 2044 250 2103 tiortie
264 2043 452 2103 inmitior.—

205 2235 272 2296 207.
316 2235 403 2296 Prior
425 2235 593 2296 assertionis
615 2255 684 2315 pers
697 2235 850 2316 oolligitur
863 2257 901 2298 ex
923 2237 1124 2298 dictio—Hic
1145 2249 1262 2298 tantum

162 2327 318 2392 declarare
330 2331 457 2392 sufficiet
470 2333 530 2393 duo
545 2331 600 2393 illo
613 2333 769 2413 principia„

205 2429 390 2509 Principium
415 2429 581 2492 inienuitatis
600 2432 642 2492 sio
662 2431 859 2510 exprimitur:
881 2432 988 2510 “Quoe
1000 2439 1068 2492 eunt
1089 2431 1189 2493 eodem
1210 2435 1264 2492 nni

162 2529 253 2598 tertio,
268 2535 335 2588 soret
356 2527 455 2588 endem
477 2528 554 2588 inter
566 2529 632 2588 se:'’
654 2528 672 2589 i.
688 2549 711 2589 e.
727 2528 836 2590 “Datis
858 2528 955 2590 tribus
977 2529 1157 2604 notionibus,
1171 2531 1195 2591 si
1210 2551 1264 2603 res,

162 2645 254 2704 qnam
276 2624 420 2704 exprimit
434 2625 471 2696 3.,
487 2635 531 2686 est
544 2625 643 2685 eaden
656 2645 721 2684 mem
734 2646 774 2698 re,
789 2645 879 2704 quem
894 2625 1038 2705 exprimit
1053 2627 1089 2699 1.,
1103 2636 1133 2688 et
1146 2647 1211 2686 enm
1224 2647 1265 2698 re,

160 2743 255 2802 qutun
269 2723 413 2802 exprimit
427 2723 464 2795 2.,
479 2723 611 2802 profecto
635 2744 688 2796 ree,
703 2743 794 2802 quem
818 2722 962 2802 exprimit
988 2725 1024 2795 1.,
1039 2721 1139 2783 eodem
1163 2731 1207 2783 est
1228 2741 1264 2782 ac

163 2841 217 2893 ree,
232 2840 322 2899 quum
337 2820 480 2898 exprimit
495 2819 541 2880 2.”
583 2819 770 2899 Principium
785 2839 856 2880 vero
870 2819 1094 2898 Diserepontioe
1107 2819 1150 2880 sio
1164 2819 1262 2898 expri-
1340 2807 1341 2812 ¹

163 2917 275 2976 mitur:
297 2915 350 2976 “Si
363 2937 397 2976 eo
411 2914 523 2975 dnobus
536 2937 628 2976 unum
642 2917 679 2976 eit
698 2915 856 2976 identieum
868 2937 932 2976 eum
953 2918 1043 2990 terito
1058 2917 1180 2978 αὶίεηινη
1201 2939 1264 2978 vero

134 3042 148 3073 κ
161 3015 200 3074 ‹d›
215 3037 246 3074 eo
258 3014 410 3086 dioersrtm,
421 3020 487 3073 mot
498 3012 611 3072 diversa
620 3015 696 3073 inter
705 3034 734 3072 oe
742 3012 771 3071 :'’
787 3012 930 3073 nimirum
946 3024 1079 3092 respectu
1091 3012 1263 3074 notionum:

161 3113 208 3172 “si
222 3133 275 3184 ree,
289 3131 380 3190 quum
395 3110 538 3189 exprimit
560 3110 642 3170 notio
656 3109 693 3182 3.,
707 3121 751 3170 est
765 3109 864 3170 eodem
877 3129 941 3170 eum
954 3131 994 3182 re,
1008 3131 1097 3190 quam
1122 3111 1265 3190 exprimit

166 3211 178 3268 1
194 3231 201 3281 ;
223 3219 252 3268 et
266 3207 378 3268 diverso
393 3227 457 3266 mern
470 3227 510 3278 re,
525 3226 615 3285 quom
637 3206 781 3285 exprimit
795 3206 831 3278 2.,
846 3206 978 3285 profecto
992 3227 1045 3280 ree,
1060 3227 1151 3285 quam
1166 3209 1265 3286 expri-

163 3309 221 3368 mit
236 3307 272 3378 2.,
287 3327 345 3366 non
360 3313 399 3366 eet
413 3305 512 3365 eodem
525 3325 589 3364 oum
604 3305 665 3374 illo,
679 3323 770 3382 quem
785 3303 928 3382 exprimit
943 3303 988 3363 1.”

206 3403 292 3464 Huec
306 3403 366 3462 duo
381 3403 538 3482 principie,
553 3414 643 3482 prout
656 3403 694 3462 od
718 3401 868 3481 duplioem
883 3399 968 3461 illam
983 3401 1111 3462 formem
1136 3401 1265 3462 Ratioci-

163 3502 217 3573 nii‚
231 3500 268 3560 de
282 3521 341 3579 qne
363 3519 454 3578 supro
468 3501 512 3576 (n.
535 3499 617 3570 205.)
633 3499 756 3577 egimus,
770 3507 800 3558 et
822 3498 861 3558 od
883 3518 974 3577 quum
997 3508 1112 3558 ceterae
1135 3497 1265 3558 Ratioci-

163 3597 257 3659 nundi
286 3597 399 3658 formae
427 3596 559 3657 revocari
589 3606 718 3674 possunt,
740 3595 935 3673 applicantur,
963 3594 1022 3655 dici
1050 3594 1146 3682 solent
1173 3595 1262 3656 etiam

164 3695 283 3754 Dietnm
298 3693 333 3754 de
347 3696 441 3753 ononi:
463 3693 626 3756 etDioinm
640 3691 675 3752 (le
690 3693 785 3752 ruratio:
799 3702 829 3752 et
842 3693 884 3752 sic
897 3691 1027 3771 exprimi
1042 3702 1181 3771 possunt:

206 3791 324 3851 Dr'otnm
338 3789 373 3850 de
386 3788 687 3867 omni—“Quiouuid
711 3788 911 3848 urrioereoiiter
933 3787 1112 3848 distributive
1135 3787 1264 3848 affirmo·

163 3901 215 3950 tur
229 3875 267 3948 ite
280 3888 382 3966 aliquo
395 3886 536 3965 subjecto,
552 3885 640 3946 debet
661 3885 803 3946 effimnari
819 3885 856 3944 de
871 3886 951 3945 omni
967 3875 1093 3945 contento
1109 3887 1171 3962 (soz
1194 3885 1266 3946 infe·

165 3983 251 4061 riori)
265 3983 321 4044 sub
335 3981 397 4043 eo.’'

207 4081 322 4140 Diotrtm
337 4079 373 4138 rie.
388 4077 690 4157 nnlto.-“Quioquid
713 4078 913 4138 uniuersaliter
936 4077 1115 4138 distributive
1138 4087 1265 4158 negatur

161 4180 200 4238 ‹le
215 4177 316 4256 aliquo
336 4176 478 4255 subjecto,
493 4174 582 4235 debet
595 4174 698 4253 neguri
713 4174 750 4234 de
764 4173 898 4253 quolibet
912 4181 1038 4236 mittendo
1051 4175 1107 4234 eub
1122 4175 1183 4235 eo.”

208 4273 300 4333 Retio
314 4285 414 4332 eutem
438 4271 512 4331 hoen
526 4283 585 4332 est:
607 4271 679 4349 quie
692 4291 775 4332 secus
798 4271 876 4331 idem
898 4271 1100 4332 affirmaretur
1120 4271 1210 4332 simul
1232 4283 1263 4335 et

163 4382 341 4450 negaretun
371 4383 424 4431 erit
447 4370 577 4432 vicissim
601 4370 679 4431 idem
701 4370 791 4431 simul
815 4383 973 4451 negaretur
995 4381 1025 4431 et
1046 4370 1262 4434 affirmaretur:
