3172 4950
491 441 535 501 lle
559 441 659 501 Priona
676 440 781 500 Mortis
801 432 981 518 Operatione.
1244 441 1282 499 -lil

179 637 266 718 enjus
288 649 328 698 eet
353 636 498 716 duplum:
522 638 593 696 item
607 636 631 696 si
655 635 764 714 aliquis
786 645 944 712 eognoscat
966 635 1082 712 aliquid
1104 655 1165 694 esee
1189 635 1283 694 altero

183 734 298 808 melius,
312 735 432 795 debebit
453 755 487 793 eo
503 734 565 812 ipso
587 750 760 811 eoguoeeere
775 732 814 803 id,
830 731 909 810 quod
924 741 968 792 eet
981 730 1035 792 illo
1056 731 1282 792 notarim-tte·

181 833 289 892 (aulida.
332 832 483 906 Quoniam
505 843 603 890 autem
619 829 803 889 substantiae
816 827 1091 888 substantiarumve
1106 841 1204 906 partes
1219 849 1283 906 ong-

181 931 263 990 uoeoi
278 929 467 990 determinate
487 937 616 1006 ptoeeunt,
632 927 704 1005 quin
719 937 935 1002 cognoscantur
955 924 1142 986 determinate
1157 946 1200 996 ea,
1216 946 1284 1004 quo

185 1047 249 1085 rum
265 1037 335 1086 sunt
357 1038 472 1104 partum
497 1022 541 1081 vol
568 1023 608 1093 id,
624 1021 662 1082 ud
677 1021 755 1100 qnod
772 1021 894 1080 lbrtaeee
917 1022 1020 1098 referri
1040 1031 1173 1099 possunt,
1188 1043 1284 1082 numm·

183 1131 309 1201 quenter
330 1121 416 1200 Ipsae
431 1105 488 1180 uon
504 1121 627 1180 suntad
642 1119 763 1198 aliquid.

225 1219 271 1279 66.
314 1217 471 1279 Intelleeto
492 1217 768 1296 quomodocumque
790 1223 923 1288 annea,
938 1216 1087 1295 intelliges
1101 1217 1281 1277 abeuntium,

184 1318 240 1376 liu
262 1318 355 1396 igitur
378 1317 497 1377 Relatio
519 1317 677 1393 peaerutim
701 1316 848 1394 inspecta:
871 1319 1038 1392 “respectus
1068 1314 1115 1375 vel
1139 1315 1283 1376 habitudo

187 1416 273 1474 nulus
301 1415 343 1474 rei
370 1415 408 1474 nd
437 1414 558 1473 alinm.”
601 1413 701 1489 Quam
731 1411 933 1472 definitionem
961 1411 1110 1490 simulque
1147 1397 1289 1472 toaturani

190 1512 353 1573 ltelationis
377 1524 410 1571 ut
436 1512 564 1591 penitius
591 1520 687 1571 mente
711 1523 819 1582 tenena
845 1510 940 1570 multa
964 1523 1034 1570 suut
1058 1511 1285 1590 distinguenda:

188 1611 283 1670 mtdta
306 1619 376 1670 eunt
399 1609 576 1670 delinienda.
621 1609 663 1666 At
688 1607 898 1685 distinguendo
924 1616 953 1666 et
977 1606 1145 1667 definiendo
1172 1609 1287 1686 paritur

182 1705 316 1766 seientia„
358 1694 571 1781 Quamobrem.

226 1802 329 1863 Primo
356 1802 574 1864 observandum
603 1799 957 1876 eet-Quemadmodum
987 1801 1083 1860 onmis
1119 1801 1284 1862 substantia

184 1900 296 1960 dieitur
317 1900 479 1960 euidentia
493 1920 531 1958 ex
555 1898 608 1958 illu
631 1898 791 1958 intrineeoe
814 1899 995 1976 proprietate
1009 1899 1056 1959 vel
1072 1899 1159 1960 modo
1173 1901 1286 1960 eoseudi

185 2015 274 2071 quem
298 1995 397 2068 habet,
412 2016 459 2056 ee:
482 1997 515 2054 in
529 2017 557 2055 ne
571 2007 602 2056 et
620 2017 676 2073 per
689 2019 729 2067 ne,
744 1997 787 2055 ita
802 1996 914 2074 puriter
927 1995 966 2055 ab
982 1996 1035 2056 illa
1049 1997 1209 2058 intrinseca
1225 2019 1287 2077 pro·
1363 1995 1384 2030 '¹

186 2093 313 2178 prietate
334 2092 382 2152 vel
405 2093 493 2153 modo
517 2092 630 2152 essendi
656 2112 742 2170 quem
769 2092 859 2152 habet
872 2093 1009 2152 necideue
1022 2114 1071 2153 se:
1093 2096 1127 2152 in
1141 2096 1199 2153 alio
1215 2095 1248 2170 (i.
1263 2115 1287 2155 e

188 2189 384 2266 inhaerentia)
410 2209 497 2248 omno
519 2189 656 2249 aeeideue
683 2199 726 2248 eet
753 2209 789 2248 oe
820 2187 1031 2249 denominatur
1058 2190 1197 2251 neeideno.
1240 2193 1287 2250 Ac

188 2287 299 2346 ideireo
322 2287 399 2346 sieut
422 2286 577 2364 quaelibet
600 2286 770 2346 substantia
790 2297 834 2346 est
848 2290 882 2346 in
895 2307 924 2346 ee
938 2298 968 2346 et
986 2307 1043 2365 per
1066 2307 1113 2358 ee,¹
1135 2289 1177 2348 ita
1201 2309 1288 2350 omne

185 2383 323 2443 accidens
337 2393 381 2442 eet
394 2385 427 2442 in
436 2383 654 2442 oubotuntiusc:
670 2383 701 2441 iu
712 2383 783 2452 alio,
795 2391 948 2460 tamquam
959 2383 1092 2462 subjecto
1101 2383 1287 2444 inboeeionis.
1315 2455 1319 2464 ⁴

189 2499 233 2542 tn.
249 2481 296 2540 54.
312 2480 376 2556 56.)

230 2575 344 2636 Verum
368 2577 520 2638 enimvero
545 2576 712 2637 accidentia
736 2576 851 2656 duplici
876 2577 990 2638 ratione
1015 2577 1045 2637 in
1070 2579 1205 2658 subjecto
1230 2601 1288 2640 eme

183 2685 278 2753 ¹atque
296 2676 355 2752 ipai
367 2673 519 2734 inhaerere
539 2685 669 2753 possunt.
712 2673 871 2750 Quaedam
887 2694 1017 2754 namque
1030 2675 1195 2736 accidentia
1212 2676 1289 2736 inve

190 2773 323 2844 uinntur,
337 2791 414 2850 qnae
435 2773 557 2850 mobjecto
579 2773 699 2832 innunt:
720 2781 753 2832 at
775 2771 941 2851 subjeetum
956 2793 1015 2832 ooo
1029 2759 1168 2832 ordinant
1183 2773 1223 2833 od
1237 2775 1288 2834 αἰ·-

187 2869 260 2950 qnid
282 2871 375 2958 aliud,
397 2872 476 2949 quod
500 2880 587 2932 extra
611 2871 775 2951 subjeetum
801 2871 879 2932 illud
903 2871 1091 2946 inveniatur3
1113 2885 1203 2954 atque
1218 2876 1290 2936 bae(-

187 2967 355 3028 aooidentie
376 2979 534 3047 propterea
556 2967 698 3028 dicuntur
719 2967 868 3028 Atacino„
912 2968 1095 3047 Hujnemodi
1119 2982 1189 3032 sunt
1212 2993 1239 3033 v.
1262 2995 1288 3051 g.

188 3065 350 3142 «quantitas,
371 3064 510 3143 qualitas.
553 3064 717 3140 Quantitas
737 3063 827 3136 enini,
842 3085 918 3144 quae
936 3065 1122 3127 substantiae
1143 3071 1287 3129 etulerint?

187 3161 273 3234 lueet
287 3181 353 3221 eam
374 3161 510 3220 extendit
524 3162 555 3220 iu
580 3173 679 3240 partes
694 3164 737 3239 (n.
753 3161 836 3237 62.);
859 3157 917 3222 non
941 3173 1041 3223 tamen
1063 3163 1149 3224 illam
1172 3165 1290 3226 ordinat

189 3260 228 3319 ad
244 3258 359 3338 aliquid
374 3259 583 3320 extrinsecum.
626 3257 710 3318 Ideni
725 3259 775 3318 diu
789 3259 826 3318 de
840 3259 995 3336 qualitate,
1009 3279 1086 3338 qnae
1108 3261 1291 3322 substantiae

191 3357 269 3415 tsine
292 3356 365 3416 haee
387 3355 551 3416 materialis
564 3355 612 3428 eit
626 3356 690 3415 eive
704 3341 934 3433 immaterialia)
950 3355 1026 3416 ineat
1039 3376 1164 3435 eamque
1180 3358 1290 3417 modifi-

188 3465 240 3512 out
255 3452 285 3512 in
299 3452 404 3512 ordine
418 3453 456 3512 ad
479 3452 616 3530 eeipmm,
632 3463 666 3511 ut
681 3451 803 3510 iuferius
826 3452 1109 3531 explicabo-Alia
1133 3474 1202 3514 vero
1216 3455 1292 3516 acei-

189 3550 292 3609 dontiu
302 3556 379 3621 eunt,
392 3569 469 3627 quae
480 3549 613 3628 subjecto
628 3549 738 3620 ineunt,
752 3549 894 3628 oioralqae
907 3549 983 3609 illud
994 3549 1135 3610 ordinant
1145 3551 1184 3610 ad
1199 3550 1291 3622 aliud,

190 3645 271 3723 quod
293 3655 380 3706 extra
401 3645 566 3724 subjectum
592 3645 752 3705 invenitur.
795 3643 979 3724 Hujuemodi
1003 3657 1047 3706 eet
1069 3667 1096 3706 v.
1110 3667 1138 3725 g.
1152 3647 1292 3707 scientiae

192 3740 320 3813 babitus,
335 3741 386 3820 qui
410 3741 537 3812 animae,
552 3752 705 3818 tamquam
731 3741 863 3819 subjecto
885 3748 998 3811 renota,
1012 3740 1096 3813 ineat,
1111 3752 1146 3801 ut
1159 3761 1211 3820 per
1225 3763 1291 3802 eum

189 3840 293 3899 anima
315 3858 414 3899 rernm
438 3859 542 3899 caueae
564 3839 737 3917 investiget;
760 3839 830 3898 item
854 3839 988 3917 potentia
1008 3838 1113 3910 visiva,
1128 3859 1205 3918 quae
1219 3840 1292 3899 inest

190 3937 295 4010 oeulis,
311 3947 344 3998 ut
359 3957 411 4016 per
424 3957 493 3997 eum
508 3936 612 3998 oculus
626 3937 680 3996 fiat
694 3945 798 4016 potens
813 3955 858 3996 ree
871 3946 1010 3997 externae
1023 3955 1205 4016 eognoseere„

232 4033 318 4094 Haec
332 4043 432 4094 antem
449 4034 584 4105 relativa,
599 4043 629 4094 et
643 4033 708 4112 ipsa
723 4034 754 4093 in
770 4031 885 4111 duplici
895 4043 966 4092 eunt
976 4031 1152 4093 differentia
1195 4033 1294 4110 Quae-

190 4132 261 4192 dam
287 4131 366 4191 enim
392 4130 520 4192 relativa
544 4143 623 4204 eunt,
645 4151 722 4210 quae
747 4130 864 4191 tametsi
889 4130 981 4190 insint
1004 4129 1136 4210 subjecto
1160 4130 1295 4210 illudque

188 4227 328 4288 ordinent
342 4227 382 4288 ad
405 4227 500 4300 aliud,
515 4237 616 4288 tamen
638 4247 740 4288 eornm
764 4235 874 4286 natura
888 4246 948 4286 nen
971 4231 1030 4286 tota
1043 4233 1082 4286 ent
1103 4225 1295 4288 ordinereed

186 4327 292 4400 aliud;
312 4326 365 4387 aed
391 4327 488 4404 potine
513 4327 612 4405 ipsum
636 4325 804 4404 subjectum
827 4326 862 4384 in
882 4344 912 4384 ae
935 4323 1052 4384 afficere
1075 4333 1106 4384 et
1132 4323 1295 4404 disponere
