3358 4952
534 461 580 524 De
601 461 703 524 Ρνίιιια
721 462 827 525 Metilia
848 462 1027 543 Opmollonr.
1290 461 1326 522 81

224 668 317 736 prout
348 657 550 736 praedicatura
588 659 795 738 propositionis
823 660 964 738 competit
998 659 1185 736 repausaturae
1211 658 1329 718 termini

222 755 476 833 communiu(qui
501 756 530 814 in
554 755 754 834 propositione
775 754 874 815 locum
891 754 1010 815 obtinet
1030 754 1162 833 mbjecti)
1178 753 1226 815 vel
1247 754 1330 830 a.)—

223 852 318 910 annul
338 852 474 930 sumptis,
488 863 522 912 ut
541 871 612 928 cum
625 851 712 911 dico:
735 851 865 911 “Omnia
882 850 1087 912 Sacramenta
1101 859 1171 910 sunt
1184 860 1294 930 reptem
1307 850 1331 922 ;”

225 947 276 1007 rel
289 947 484 1023 b.)-eeoe·er'nr
501 947 694 1026 impertiant
708 968 775 1008 cum
788 947 874 1007 diro:
887 947 1006 1025 “Omne
1020 967 1131 1026 eorpus
1143 957 1188 1007 en
1201 967 1294 1026 grave
1305 947 1330 1019 ;’'

228 1046 282 1106 rel
293 1047 543 1126 ul-dip’unrlr'ru
556 1047 695 1126 acceptia,
705 1057 741 1107 ut
754 1068 821 1106 cum
836 1045 921 1106 dico:
937 1045 1080 1124 “Aliquis
1094 1045 1257 1124 Apmtolns
1271 1046 1330 1105 fuit

228 1141 401 1220 proditor;'’
431 1143 478 1202 vel
501 1143 729 1222 ‹lq-dipuncte
750 1144 909 1223 usurpatis,
934 1155 966 1202 ut
988 1164 1055 1202 cum
1080 1143 1166 1203 dico:
1189 1141 1328 1222 “Aliquis

223 1237 331 1299 oculus
345 1253 389 1300 est
403 1241 581 1300 nemeaeus
592 1241 633 1301 ad
650 1241 840 1302 videndnm.”

271 1338 483 1414 Quamobrem.
540 1383 543 1390 -

269 1435 440 1515 Suppositio
460 1437 600 1497 collectim
613 1446 673 1497 eet:
697 1433 881 1516 “Usurpatio
896 1434 1016 1496 termini
1030 1433 1187 1494 mnrtnunr'a
1201 1453 1254 1513 pro
1268 1435 1328 1494 sui

225 1533 443 1610 defemoribus
435 1544 478 1592 ita
499 1533 717 1604 enumerandis,
733 1543 764 1592 ut
779 1533 873 1593 solum
887 1532 927 1591 de
945 1530 1086 1636 anuibus
1097 1529 1186 1590 simul
1204 1530 1329 1610 nunptie

226 1629 377 1690 verificari
392 1631 483 1710 possit
496 1629 620 1690 oratio.”

268 1728 439 1808 Suppositio
464 1727 712 1789 dr'atribuu'rot
668 1737 727 1789 eet:
749 1726 935 1807 ‘Uenrpatio
956 1720 1075 1787 termini
1099 1729 1254 1786 wrrtruunia
1275 1745 1328 1804 pro

227 1825 289 1886 suia
311 1825 497 1905 inferioribus*
517 1824 559 1885 ita
584 1824 800 1895 enumerandis,
817 1834 849 1884 ut
863 1824 900 1883 de
920 1822 1045 1902 singulis
1065 1823 1180 1882 neor-rina.
1200 1823 1330 1900 acceptis

229 1923 378 1985 verificari
401 1923 628 2002 poedtoratio.”
671 1921 714 1984 Et
726 1943 787 1983 ease
810 1933 904 2002 potest
920 1922 965 1982 vel
989 1921 1136 2000 completa
1152 1921 1198 1981 rel
1221 1921 1329 1982 incorn·

230 2019 320 2098 pleta
364 2018 511 2097 Complelo
533 2019 597 2090 orit7
622 2019 645 2078 si
670 2018 810 2078 inferiore
832 2019 1035 2078 ennaremuda
1056 2028 1126 2078 sunt
1156 2017 1330 2087 indiuidum

232 2125 265 2175 ut
280 2136 349 2175 cum
361 2115 447 2176 dico:
469 2115 584 2174 “curnis
605 2113 694 2175 homo
715 2116 843 2176 moritur
852 2114 877 2175 :’'
898 2116 1069 2194 diciturque
1077 2136 1135 2194 pro
1147 2117 1272 2194 rivipullo
1284 2137 1330 2194 pc·

231 2233 340 2274 aarum
382 2212 558 2291 Inoompleta
580 2211 645 2286 erit,
667 2213 690 2272 si
721 2213 861 2273 inferiora
884 2213 1087 2273 enumeranda
1108 2225 1178 2273 sunt
1200 2223 1329 2273 tanturn·

230 2309 319 2368 ruodo
338 2329 446 2387 periero
460 2308 507 2369 vel
521 2313 634 2388 apeeaoa
649 2321 683 2370 nt
703 2331 771 2370 eum
794 2311 878 2370 dieo:
899 2312 1021 2371 “omnia
1042 2311 1186 2371 animalia
1208 2312 1330 2372 fuerunt

229 2407 261 2465 in
277 2426 347 2466 arca
370 2405 472 2466 Noe:”
491 2406 662 2486 diciturque
679 2429 736 2486 pm
758 2408 1112 2486 poterihrncinpulorum.
1154 2397 1245 2484 Quod
1260 2409 1284 2468 si
1299 2409 1329 2467 iu

230 2525 292 2565 una
317 2504 365 2568 vel
387 2503 484 2565 altera
507 2505 717 2584 suppositione„
741 2505 846 2584 aliqua
868 2506 1005 2584 exceptio
1028 2505 1109 2566 facta
1134 2504 1329 2584 intelligatur,

227 2600 403 2680 Suppositio
414 2599 610 2661 distributiva
631 2601 748 2662 dicetur
769 2601 979 2661 Accommodo:
1000 2609 1035 2662 ut
1048 2621 1116 2662 cum
1129 2601 1246 2661 dictum
1261 2601 1330 2680 legi·

228 2714 312 2757 rnrra:
328 2703 447 2756 “omnen
459 2697 488 2755 in
501 2695 602 2756 Adam
615 2707 814 2775 peccaverunt
824 2698 850 2768 ;’'
864 2699 969 2776 excipe
980 2697 1046 2758 BB.
1058 2707 1087 2757 et
1098 2695 1328 2757 Immaculatam

226 2815 345 2872 scruper
369 2793 527 2871 Virginem
550 2791 691 2864 Mariana,
712 2813 789 2870 quae
811 2793 920 2852 intuitu
945 2791 1117 2852 meritorum
1138 2791 1250 2852 Christi
1273 2791 1330 2853 Re-

226 2889 392 2968 ‹lemptoris
409 2889 499 2948 nostri
517 2899 705 2966 praeservata
719 2888 809 2948 lirita
825 2887 892 2948 labe
906 2888 1038 2966 originis
1081 2887 1263 2967 Hujuemodi
1276 2909 1329 2948 an-

232 3000 292 3048 tem
308 2987 444 3066 exceptio
458 3008 517 3046 non
530 3008 550 3046 a
565 2987 696 3066 cujusvis
715 2987 842 3048 arbitrio
854 2988 1004 3067 dependet
1016 2987 1068 3047 aed
1083 2988 1130 3048 vel
1153 2989 1268 3048 ratione
1283 2987 1330 3048 vel
1403 2987 1408 2995 ’

230 3085 339 3145 idonea
351 3085 532 3144 auctoritate
546 3094 590 3145 eet
603 3084 767 3164 probanda.

270 3180 440 3260 suppositio
463 3181 646 3260 Dirjurartiaa
658 3192 718 3242 eat:
733 3183 886 3262 “acceptio
900 3181 1018 3244 termini
1033 3186 1190 3244 comatum
1204 3203 1258 3263 pro
1271 3205 1330 3244 uno

230 3285 283 3338 out
297 3279 387 3338 alteru
401 3298 416 3338 e
430 3277 491 3338 suis
505 3278 695 3339 inferioribus
717 3299 809 3359 eoque
830 3279 1060 3354 indeterminato,
1074 3280 1118 3342 ita
1132 3289 1233 3342 tamen
1247 3291 1282 3341 ut
1295 3280 1331 3342 cle

228 3377 329 3457 oliqrro
342 3377 458 3436 ecoraim
473 3384 584 3455 araepu
597 3375 746 3437 verificari
760 3376 852 3456 possit
865 3376 988 3438 oratio.”

271 3471 442 3552 Suppositio
455 3471 611 3551 Dip'uncta
631 3481 691 3534 eat:
714 3475 865 3553 “aeceplio
887 3476 1004 3535 terrnini
1027 3477 1183 3534 wrnnmnir
1206 3496 1258 3554 pro
1272 3497 1330 3536 urm

227 3579 283 3632 ortt
296 3571 384 3631 allero
398 3590 415 3630 e
427 3570 487 3630 suis
501 3569 690 3629 infeunrtbus
704 3593 796 3650 coque
812 3572 1030 3632 irulclcrrninuto
1041 3573 1087 3650 (et
1102 3573 1131 3631 in
1146 3593 1180 3631 eo
1192 3572 1331 3632 couvenit-

228 3689 299 3730 cum
320 3666 519 3744 Diqiunrlinrl
536 3667 577 3726 ita
599 3678 697 3727 tamen
721 3680 753 3728 ut
767 3667 804 3728 de
820 3669 897 3728 rrnllo
917 3669 1032 3729 aenaim
1054 3677 1163 3746 accepto
1184 3669 1329 3728 verificari

230 3765 323 3844 pon-'it
337 3765 432 3824 oratio
446 3764 551 3842 (nuque
566 3763 596 3822 in
613 3765 668 3824 lior
681 3763 781 3825 differt
795 3787 813 3824 a
828 3765 1010 3844 Dirp'undioa
1024 3775 1054 3826 et
1068 3766 1178 3827 idcirco
1204 3766 1330 3844 Oonjuaa

229 3861 366 3937 (licitur).
407 3859 457 3920 Sic
480 3881 506 3919 r.
522 3883 549 3938 g.
571 3881 638 3920 curn
662 3861 729 3921 dico
743 3862 884 3940 “Aliquis
907 3862 1058 3941 apostolus
1083 3861 1140 3922 fuit
1163 3862 1296 3942 proditor
1306 3861 1332 3935 ;’'

167 3987 173 4001 ·
231 3958 305 4017 haec
319 3957 415 4018 oratio
430 3957 601 4017 verificatur
614 3957 651 4017 de
665 3957 767 4036 aliquo
782 3959 928 4037 Apostolo
941 3980 960 4018 a
968 3981 978 4029 ,·
992 3960 1116 4038 quinam
1131 3980 1201 4020 vero
1216 3959 1270 4022 iate
1283 3961 1331 4034 sit,

230 4075 289 4114 non
314 4053 466 4133 colligitur
487 4073 525 4114 ex
548 4055 689 4115 oratione.
731 4055 809 4116 (lum
832 4077 902 4117 vero
925 4056 1008 4118 dico:
1030 4057 1158 4136 “aliquis
1171 4058 1275 4120 oculus
1288 4069 1332 4122 eet

229 4154 410 4214 necessarius
433 4153 473 4213 ad
500 4152 690 4226 videndumss’
716 4153 888 4215 verificatur
911 4155 985 4216 haec
1008 4155 1104 4216 oratio
1127 4155 1164 4216 de
1187 4155 1332 4218 alterutro

228 4273 265 4312 oc
259 4251 317 4311 nlo
338 4250 541 4312 indifferenter
560 4263 691 4344 accepto,
706 4261 739 4312 at
753 4273 812 4313 nou
827 4252 864 4312 de
886 4251 940 4314 hoo
955 4252 1002 4315 rel
1018 4252 1072 4313 illo
1086 4253 1119 4332 (i
1135 4273 1158 4314 e.
1173 4252 1211 4314 de
1224 4253 1332 4316 dextro

229 4345 277 4408 vel
293 4347 428 4423 sinistro)
443 4347 563 4408 seorsim
578 4339 705 4426 eumpto.

772 4445 808 4504 11
