3124 4954
427 479 473 538 De
494 479 598 538 letrae
614 479 720 539 Martia
739 479 920 558 Operatione.
1186 475 1221 534 47

118 683 227 736 stante.
240 672 286 731 vel
302 686 345 732 est
360 673 556 733 reatitudine
570 675 700 746 artenaio,
715 687 861 752 quatenus
876 672 947 732 illae
961 671 1097 752 syllabae
1111 671 1224 730 multae

117 779 208 838 suut;
231 769 277 828 vel
292 783 336 828 est
350 771 472 828 ararnio
487 769 660 842 durationis,
676 770 705 828 iu
721 781 867 848 quantum
884 789 944 829 una
958 767 1077 847 syllaba
1092 767 1224 827 velocius

120 867 218 926 altera
241 869 409 945 profertur.
452 867 483 926 Si
507 867 637 946 primum
662 867 782 940 dixeris,
798 867 951 927 reducitur
964 867 1060 926 oratio
1074 865 1113 925 ad
1128 885 1224 923 arture·

120 985 206 1022 rutra:
227 965 251 1022 si
274 963 446 1037 seeundum,
461 963 499 1023 ad
523 971 638 1041 tempos.
682 963 764 1042 Ergo
779 985 836 1023 uou
862 963 981 1023 videtur
1005 962 1100 1022 oratio
1115 960 1224 1021 addere

124 1081 235 1120 novum
253 1061 373 1120 modum
389 1060 577 1120 extensionis,
622 1061 710 1135 Quid
727 1059 820 1138 igitur
833 1059 1014 1119 dicendum?

87 1209 90 1216 .
165 1158 339 1236 Respmdeo
369 1157 531 1217 tlt—Res
555 1158 655 1236 magni
679 1158 819 1217 momenti
842 1177 900 1216 non
925 1167 975 1216 est.
1020 1155 1122 1214 Habes
1137 1175 1224 1233 argu·

123 1269 226 1316 menta
241 1257 397 1335 utrinque;
419 1257 490 1335 quid
508 1256 645 1330 volueris,
659 1256 757 1335 selige
1104 1237 1112 1266 ’

165 1354 212 1412 65.
256 1352 408 1412 Passiones
443 1353 872 1432 analilotia-Proprietates
894 1353 1071 1433 quantitatis
1085 1363 1155 1412 suut
1173 1353 1242 1432 du·

123 1451 209 1529 pliois
230 1452 354 1530 generis.
398 1451 488 1510 Aliae
512 1460 581 1511 sunt
600 1451 745 1528 physicae,
760 1471 870 1529 eaeque
883 1461 953 1510 sunt
976 1451 1099 1510 artemio
1120 1437 1227 1515 locata}

123 1548 389 1626 irnpenetrabilitoa
402 1547 644 1620 marmurahilt'toa,
660 1547 852 1620 divisibilem,
860 1547 1009 1628 finitudo:
1031 1547 1127 1605 omnis
1142 1565 1224 1604 nam—

120 1665 179 1722 que
192 1645 361 1704 substantia
375 1665 524 1724 corporea,
539 1646 610 1724 quia
624 1655 668 1705 est
681 1645 868 1724 quanta—o)
880 1643 1044 1704 attenditur
1056 1643 1094 1703 ad
1110 1655 1222 1702 eertum

124 1742 222 1800 loeum
235 1764 241 1813 ;
256 1741 328 1815 —lr)
341 1742 453 1818 expellit
467 1741 528 1800 alia
549 1761 673 1819 corpora
688 1762 706 1800 a
721 1740 785 1800 loco
800 1763 817 1800 a
832 1761 862 1800 se
877 1751 1020 1820 occupato
1033 1741 1109 1810 3-0)
1130 1738 1225 1798 diviti-

120 1839 189 1896 atta
211 1851 256 1897 est
282 1839 311 1896 in
339 1849 436 1916 partes
461 1837 738 1917 integrantes;-¹‹l)
764 1839 928 1896 uterraureri
950 1847 1055 1915 potest,
1070 1845 1225 1914 assumpto

122 1935 184 1994 alio
200 1947 313 2013 quanto
329 1936 357 1992 in
374 1955 529 1994 mensurae
550 1935 696 1994 unitatem
707 1935 783 2011 :—e)
792 1935 884 2014 finito
898 1945 957 1993 est:
979 1944 1009 1995 et
1024 1933 1077 1992 has
1094 1933 1223 2012 proprie

123 2043 209 2104 tates,
225 2053 299 2110 quas
314 2033 498 2110 experientia
513 2031 542 2090 in
558 2031 731 2110 corporibus
745 2043 848 2091 extare
862 2031 957 2104 dooet,
972 2031 1002 2089 iu
1018 2030 1225 2109 metaphysica

122 2129 386 2188 eonsiderabimus.
430 2128 519 2188 Aliae
546 2129 743 2208 proprietates
771 2139 840 2188 sunt
868 2129 985 2207 topicae,
1014 2139 1043 2188 et
1075 2129 1227 2206 poseioner

128 2228 309 2303 (liuentitatia
324 2225 366 2302 (u.
383 2227 444 2302 59.)
461 2225 619 2296 dicuntum
641 2246 751 2304 eaeque
765 2236 835 2285 sunt
849 2236 915 2286 tres.

162 2321 269 2381 Prima
282 2321 444 2382 est-Non
466 2323 570 2382 labem
584 2325 760 2382 eontrarium
777 2321 1034 2402 perpraedictum.
1078 2322 1168 2382 Ratio
1182 2333 1225 2382 est

120 2421 194 2498 quia
209 2421 360 2479 contraria
384 2427 483 2479 maluo
506 2441 535 2480 ae
559 2421 734 2498 erpellunta
758 2420 890 2499 subjecto
915 2431 945 2480 et
969 2427 1067 2480 motae
1090 2427 1226 2498 popnanl

122 2519 201 2577 inter
225 2537 255 2576 se
280 2517 323 2594 (n.
350 2517 411 2594 28.)
453 2515 597 2578 Jamvero
622 2518 774 2596 quantitas
798 2537 867 2576 eum
891 2516 952 2576 alia
977 2517 1145 2596 quantitate
1164 2536 1223 2577 non

123 2626 249 2692 pugnat,
264 2634 397 2672 neceam
420 2612 545 2692 expellit
559 2635 577 2673 a
599 2613 748 2693 subjeeto;
770 2615 841 2693 quia
855 2613 894 2674 ad
909 2615 965 2674 hoe
980 2617 1052 2674 aetio
1066 2614 1224 2693 requirere

123 2721 188 2781 tur;
211 2709 363 2788 quantitas
385 2720 485 2769 autem
505 2731 561 2788 per
574 2732 603 2770 ee
625 2711 726 2771 activa
748 2732 806 2770 non
832 2721 883 2771 oet.
926 2711 1016 2772 Dices
1038 2732 1181 2790 maguum
1196 2722 1226 2771 et

124 2827 262 2885 parvum,
290 2806 384 2866 multu
409 2815 438 2866 et
471 2827 567 2886 pauca
592 2808 630 2868 ad
656 2809 854 2888 quantitatem
887 2809 1045 2886 pertinent,
1070 2817 1100 2868 et
1124 2821 1223 2868 tamen

124 2902 266 2962 videntur
277 2923 337 2962 esse
348 2903 506 2962 contraria.
550 2903 734 2981 Respondeo
778 2903 925 2982 Magnum
937 2914 967 2964 et
978 2923 1116 2982 parvum,
1129 2903 1225 2964 multa

123 3013 153 3060 et
177 3021 275 3079 pauca
300 3021 358 3059 uon
385 3011 557 3079 competunt
582 3002 744 3079 quantitati
768 3001 925 3062 retendant
948 3023 977 3061 ae
1000 3011 1151 3081 spectatae
1174 3003 1225 3062 sed

124 3099 273 3174 respective
286 3117 322 3156 ae
336 3096 460 3174 proinde
481 3098 596 3156 ratione
610 3097 733 3157 alterius
754 3097 997 3176 praedicamenti,
1012 3098 1092 3178 quod
1107 3097 1147 3158 ad
1161 3099 1225 3158 Ali

124 3193 195 3272 qaid
209 3193 338 3262 dieitur;
359 3194 401 3252 sie
416 3214 443 3253 v.
458 3215 485 3273 g.
502 3214 585 3254 mons
610 3194 721 3255 dieitur
743 3217 869 3275 maguus
883 3196 931 3257 vel
952 3217 1064 3276 parvus
1084 3198 1173 3257 selme
1186 3197 1224 3257 ad

125 3292 199 3351 alios
215 3301 336 3351 montes.
379 3290 449 3350 Hae
472 3291 501 3350 in
519 3311 550 3350 re
572 3291 697 3351 observa
719 3293 919 3371 quantitatem
941 3313 1024 3372 posse
1046 3293 1225 3353 considerari

124 3389 293 3469 dupliciter.
325 3389 436 3462 Primo,
452 3400 485 3450 ut
500 3389 646 3468 quaedam
661 3391 815 3469 quantitas
830 3400 881 3464 est,
896 3401 926 3452 et
939 3391 995 3452 sub
1008 3393 1121 3453 ratione
1135 3413 1226 3472 qaan-

127 3489 216 3545 titatr'a
237 3485 377 3564 praecise.
419 3485 556 3546 Secundo
578 3495 668 3565 prout
692 3487 823 3547 admitto
844 3487 892 3548 vel
917 3490 1070 3568 conjuncte
1092 3497 1135 3550 est
1157 3509 1225 3550 oum

126 3582 323 3662 qualitatibus
348 3582 395 3652 vel
419 3583 481 3642 alia
505 3584 619 3668 ratione
644 3583 766 3644 alterius
789 3585 912 3664 generis.
954 3585 1011 3646 Sic.
1037 3606 1065 3647 v.
1089 3607 1117 3665 g.
1146 3586 1226 3646 linea

129 3691 223 3758 potest
237 3681 427 3752 considerari,
443 3691 477 3740 ut
492 3682 570 3740 linea
584 3692 636 3754 est,
651 3693 680 3741 et
695 3693 728 3741 ut
742 3703 830 3741 earne
844 3683 892 3742 vel
907 3684 1058 3743 eireulorie
1072 3692 1132 3756 est;
1154 3684 1224 3745 item

125 3775 291 3855 ¹superficies
302 3786 398 3855 potest
407 3777 595 3849 eorrsiderari,
612 3788 645 3839 ut
658 3780 828 3859 eoperflot'as,
843 3789 873 3840 et
887 3791 921 3841 ut
936 3789 979 3841 est
993 3803 1096 3860 aspera
1111 3783 1224 3852 lentim

129 3875 197 3932 item
213 3881 323 3948 tempor
336 3874 516 3934 considerari
528 3885 631 3953 poteet,
644 3885 678 3935 ut
691 3886 735 3935 est
749 3883 857 3955 lampae
867 3877 998 3956 praecise
1008 3879 1054 3956 (iu
1068 3878 1225 3958 hypothesi

21 3965 22 3968 ’
129 3970 205 4047 quod
229 3971 269 4029 sit
293 3969 459 4048 quantitas)
484 3981 514 4030 et
537 3981 684 4049 quatenus
707 3973 851 4052 importat
875 3976 972 4036 lumen
995 3975 1043 4036 vel
1067 3980 1226 4036 carentiam

21 4109 22 4146 3
129 4067 254 4126 luminis.
296 4067 329 4126 Si
342 4063 611 4145 quantitastpriori
625 4069 713 4129 modo
738 4070 952 4144 consideratur,
967 4072 1148 4132 eontrarium
1165 4093 1224 4133 non

21 4153 22 4198 l
129 4165 260 4240 patitur;
281 4165 305 4223 si
320 4164 484 4242 posteriori,
498 4166 607 4243 poterit
621 4166 724 4246 utique
737 4165 869 4228 habere.-

166 4261 305 4322 Seounda
326 4260 489 4321 est-Non
509 4263 627 4340 malpel
648 4266 742 4342 moqia
763 4272 789 4324 et
810 4266 914 4326 minua.
957 4265 1049 4327 Ratio
1070 4276 1133 4340 est;
1154 4269 1226 4347 quia

21 4379 22 4434 3
130 4357 199 4418 haee
212 4358 274 4417 duo
287 4377 334 4417 se:
356 4357 461 4418 habere
481 4361 667 4433 emttrariam,
682 4370 712 4420 et
724 4364 866 4439 aaerpere
879 4363 973 4442 maqie
986 4371 1012 4424 et
1022 4364 1119 4424 minua
1133 4365 1227 4424 maxi·
