3118 4956
352 421 410 476 222
848 429 967 509 rapa.

344 613 521 689 obtinerent,
546 621 805 698 argumentatione
832 624 948 686 occulte
976 626 1083 687 vitiosa
1110 638 1140 689 et
1166 631 1351 691 contentiosa
1381 633 1446 710 (sea

343 711 518 790 sophistica)
535 715 704 778 utebantur.
748 719 838 796 Quod
852 721 875 780 si
891 743 978 802 quem
989 723 1045 784 sibi
1061 725 1294 804 inopportunum
1306 729 1445 790 adrem-

346 808 421 868 rium
445 811 633 886 invenissent,
655 815 740 876 illum
769 817 842 878 data
869 839 959 899 opera
987 821 1026 881 ad
1046 822 1159 900 scheon
1186 823 1234 884 vel
1257 826 1447 903 paradarum

343 904 465 985 aliquod
480 909 704 984 adstruendum,
719 913 766 973 vel
781 913 820 974 ad
834 915 1014 989 schemas,
1029 927 1083 978 aut
1095 921 1200 979 iocosa
1212 920 1344 998 ejusdem
1362 922 1446 982 verbi

344 1007 525 1081 repetitiones
545 1007 749 1082 deducebaut;
770 1013 821 1071 sed
836 1013 1021 1091 potissimum
1046 1016 1250 1077 adversarium
1265 1018 1444 1097 redurpuare

342 1102 522 1164 arrtiliciosis
546 1107 714 1184 agumentis
734 1108 951 1171 adnitebantur
964 1113 1070 1173 sensim
1092 1113 1155 1174 sine
1175 1133 1260 1174 seusu
1286 1135 1321 1175 eo
1345 1136 1437 1194 usque

343 1195 428 1258 illum
444 1201 652 1279 pertrahendo,
668 1215 701 1266 ut
715 1205 763 1266 vel
778 1207 840 1285 ipse
855 1219 984 1287 negaret,
999 1210 1078 1288 quod
1093 1222 1163 1270 ante
1176 1223 1370 1284 concamerat,
1388 1212 1443 1284 vel,

342 1298 421 1376 quod
450 1299 531 1377 prius
558 1313 749 1375 concesserat,
776 1315 879 1383 postea
906 1319 1036 1385 negaret
1079 1307 1134 1368 Fet
1161 1307 1241 1368 enim
1271 1309 1441 1389 redurpraio

342 1395 480 1470 (ελενχυς)
503 1396 710 1478 “syllogismus
723 1420 791 1460 oum
806 1401 1041 1464 contradictione
1054 1404 1278 1466 conclusionis.'’

382 1491 429 1552 De
443 1493 554 1573 triplici
576 1495 634 1557 hac
647 1499 906 1576 argumentatione
919 1499 1067 1561 distinctis
1080 1501 1215 1564 articulis
1229 1523 1360 1582 agemus

740 1788 988 1853 ARTICULUS
1010 1791 1035 1851 l.

594 1999 638 2041 nn
659 1999 966 2044 secuunturarroaa
986 1995 1183 2044 eorummet.

379 2178 446 2238 259.
489 2177 557 2237 Non
573 2177 695 2256 quaevis
715 2178 945 2258 argumentatio,
960 2197 1037 2256 quac
1058 2187 1138 2238 recta
1152 2177 1273 2248 nonsit,
1288 2187 1344 2238 aut
1363 2177 1437 2238 falso

339 2272 500 2345 concludit,
524 2273 675 2352 apamea
703 2283 904 2354 nuncupatur,
931 2275 982 2334 sed
1010 2295 1054 2346 ea,
1082 2295 1159 2353 quae
1184 2274 1247 2335 veri
1272 2275 1435 2353 quamdam

338 2371 541 2448 apparentiam
568 2371 736 2449 praesefert,
764 2382 794 2432 et
820 2371 872 2432 neb
899 2372 959 2432 oeru'
985 2373 1076 2450 specie
1103 2371 1142 2431 ad
1171 2371 1279 2431 falsum
1304 2371 1435 2432 adducit

340 2465 432 2528 Porro
457 2467 626 2547 hujusmodi
648 2467 868 2546 argumentatio
891 2467 1019 2546 duplicis
1032 2478 1076 2528 est
1099 2465 1223 2547 generis.
1263 2465 1344 2528 Sunt
1357 2467 1433 2528 enim

337 2564 520 2643 sophismata
545 2564 599 2643 (ab
615 2562 777 2625 Aristotele
805 2565 947 2625 dicuntur
967 2565 1122 2644 syllam
1143 2563 1366 2644 pseudographi
1384 2585 1433 2625 seu

331 2663 462 2738 poherii,
487 2675 542 2722 aut
562 2661 710 2722 mendacia
731 2661 961 2740 descriptionis),
989 2681 1066 2740 quae
1089 2681 1128 2720 ex
1152 2660 1280 2739 propriis
1304 2660 1430 2740 alicujus

335 2758 475 2818 scientiae
497 2757 623 2818 materia
643 2757 849 2830 desumuntur,
863 2777 998 2836 quaeque
1012 2759 1043 2816 in
1057 2777 1091 2817 eo
1106 2756 1259 2818 continent
1281 2756 1433 2817 fallaciam

335 2854 414 2933 quod
429 2854 577 2933 principia
591 2852 673 2914 illius
685 2852 827 2914 scientiae
840 2873 899 2913 non
913 2873 957 2928 eo,
969 2853 1000 2912 in
1014 2873 1074 2932 quo
1083 2853 1161 2912 sumi
1176 2851 1327 2926 deberent,
1338 2873 1433 2924 seusu,

334 2952 384 3010 sed
399 2951 499 3024 latius,
514 2971 604 3030 quarn
627 2971 683 3030 par
697 2961 748 3024 est,
761 2961 936 3022 sumantur;
957 2969 995 3010 ex
1017 2969 1077 3028 quo
1091 2948 1134 3021 lit,
1150 2957 1184 3008 ut
1207 2947 1261 3008 illa
1275 2948 1432 3028 principia,

335 3048 468 3129 alioquin
497 3069 569 3109 vera
595 3057 626 3107 et
646 3047 818 3120 necessaria,
840 3047 957 3109 tametsi
977 3046 1147 3126 hujusmodi
1168 3045 1340 3118 videantur,
1362 3044 1433 3125 quia

336 3157 433 3206 tamen
449 3144 558 3217 latiori,
573 3164 632 3224 quo
645 3143 796 3217 deberent,
811 3144 899 3205 modo
914 3152 1105 3222 usurpantur,
1120 3143 1160 3203 ad
1167 3143 1277 3222 salsam
1290 3152 1322 3203 et
1335 3142 1432 3204 adone

334 3243 403 3302 dam
429 3241 646 3302 conclusionem
675 3241 838 3302 adducunt
881 3240 1031 3320 Exemplo
1057 3240 1117 3300 sint
1142 3239 1291 3319 principia
1311 3239 1368 3300 illa
1381 3245 1432 3300 “ca
1536 3315 1537 3322 ἵ

333 3338 424 3399 radio
438 3337 515 3398 out
528 3338 602 3417 fit:”
623 3358 683 3417 quo
696 3339 911 3400 Rationalietae
924 3349 954 3399 et
966 3348 1114 3417 quotquot
1132 3337 1237 3398 muudi
1250 3338 1431 3399 creationem

333 3433 513 3507 inficiantur,
536 3433 724 3508 abutuntur;
759 3447 789 3496 et
812 3435 895 3496 “an
921 3437 1069 3515 infinitum
1097 3457 1208 3496 manem
1230 3435 1432 3514 medionon

332 3541 421 3610 atque
442 3530 508 3590 ideo
522 3531 666 3590 mlitntem
686 3532 848 3592 contioct:”
869 3552 929 3611 quo
951 3532 1118 3594 abutuntur
1140 3531 1332 3592 Paratlteistoa
1376 3530 1431 3592 Fet
1535 3573 1536 3598 r

333 3627 424 3707 igitur
437 3626 634 3707 Syllogismus
646 3629 904 3708 pseudopropheta:
927 3629 997 3708 “qui
1010 3649 1050 3689 ex
1063 3629 1185 3708 propria
1198 3629 1326 3708 alicujus
1339 3629 1430 3691 seien-

333 3723 390 3783 tiae
404 3725 540 3797 materia,
554 3745 614 3785 non
629 3726 706 3786 veris
720 3735 820 3786 tamen
842 3727 1018 3806 praemissis,
1031 3726 1083 3788 sed
1098 3747 1174 3805 quae
1188 3745 1278 3787 verae
1291 3736 1322 3788 et
1335 3747 1429 3788 neces·

330 3821 426 3882 sariae
452 3821 622 3896 videantur,
650 3822 766 3902 colligit
793 3824 1039 3884 conclusionem.”
1081 3823 1202 3885 Harum
1238 3823 1427 3886 fallwhmm
1534 3859 1535 3862 κ

331 3921 457 3981 detectio
470 3931 501 3981 et
514 3922 656 3983 refutatio
669 3923 708 3984 ad
722 3923 856 3984 diversas
868 3925 1006 3986 scientias
1020 3923 1157 4004 pertinet,
1172 3934 1207 3984 ut
1227 3943 1280 4003 per
1292 3943 1324 3984 se
1339 3933 1427 4004 patet.

369 4016 447 4078 Sunt
460 4029 614 4097 praeterea
627 4017 689 4080 alia
701 4019 894 4098 sophismata,
905 4041 982 4101 quae
992 4041 1030 4082 ex
1041 4020 1220 4101 quibusdam
1232 4019 1428 4082 wrnmunihar
1533 4089 1534 4108 ,

331 4113 461 4176 fontibus
475 4114 657 4176 hauriuntur
670 4125 700 4176 et
714 4135 767 4195 per
780 4137 898 4178 omnem
922 4117 1079 4179 materiam
1101 4137 1217 4196 serpere
1239 4127 1378 4196 posunt:
1399 4127 1428 4177 et

329 4229 405 4290 quae
432 4211 463 4270 in
491 4210 602 4290 triplici
631 4212 724 4274 veluti
752 4213 921 4277 differentia
948 4215 1150 4277 inveniuntur.
1192 4215 1426 4292 ol-Quaedam

329 4307 406 4367 enim
432 4319 511 4381 sunt,
525 4328 610 4387 quae,
624 4310 712 4370 alim
735 4315 873 4374 mansae
895 4313 1017 4389 raama,
1032 4321 1174 4394 peccant3
1196 4321 1231 4373 ut
1252 4332 1280 4372 v.
1305 4333 1333 4391 g.
1359 4333 1426 4372 cum
