3138 4956
351 423 410 484 308
846 425 966 504 Lepino.

351 619 520 697 proredit;”
540 618 678 698 ayntlaeie
699 639 771 680 vero
794 630 854 680 est:
877 625 1055 699 “processus
1069 639 1130 699 quo
1151 640 1234 680 aiens
1248 620 1288 679 ab
1311 620 1459 680 eteorum

351 715 388 774 ad
403 717 594 794 compoeilam,
609 716 776 792 apartibus
789 716 828 776 ad
843 723 929 776 lotaoo
944 717 1151 794 graditur.'’—

390 811 609 890 IL-Uterque
633 833 784 892 processus
809 813 920 874 versari
936 823 1032 891 potest
1055 823 1115 873 tam
1131 815 1210 874 circa
1232 821 1320 874 taliam
1342 817 1456 874 actuale

351 909 427 985 (sive
446 909 606 988 physicam,
627 911 690 970 sive
717 909 948 988 temptoria-om,
975 910 1038 970 sive
1061 911 1226 988 interprete),
1254 933 1347 989 quam
1373 913 1457 972 circa

350 1014 436 1066 totam
459 1008 618 1085 potentiale
642 1009 703 1076 lec:
735 1009 896 1068 oaiooroolo
920 1029 969 1068 seu
996 1007 1134 1086 lopioam)
1159 1015 1203 1085 (a.
1231 1009 1323 1084 119).
1366 1009 1459 1068 Prior

350 1103 505 1164 dicebatur
519 1125 538 1164 a
558 1103 749 1165 Scholasticis
770 1104 1063 1184 Anolyoio‚'respectn
1079 1108 1163 1166 lotitia
1184 1107 1315 1177 actualia,
1329 1107 1457 1164 collectio

349 1219 419 1260 vero
442 1201 626 1276 (συναγωγή),
651 1210 783 1279 respectu
806 1205 891 1261 totius
911 1202 1014 1280 topici.-
1036 1203 1178 1279 posterior
1202 1221 1274 1262 vero
1294 1201 1455 1279 totietate.

351 1307 483 1374 respectu
512 1299 596 1356 lotias
623 1299 761 1368 actualis,·
797 1297 899 1358 divisio
927 1301 991 1370 (seu
1021 1299 1171 1376 διαίρεσις)
1201 1311 1334 1377 respectu
1364 1299 1453 1358 tolita

349 1393 434 1472 lopici
447 1394 486 1454 ab
501 1395 603 1454 iisdem
625 1395 846 1474 appellabatur.
888 1395 980 1456 Ratio
1000 1407 1059 1456 est:
1082 1397 1153 1474 quia
1174 1395 1284 1455 Totum
1300 1395 1455 1474 Dacicum,

348 1501 423 1568 puta
443 1511 545 1569 gentis,
559 1491 680 1570 quando
704 1493 743 1551 ad
767 1492 910 1552 inferiora
934 1492 1093 1564 descendit,
1115 1491 1268 1563 diuidit-rie,
1291 1503 1322 1552 et
1346 1505 1452 1552 ironam

348 1587 383 1646 lit
396 1589 517 1648 collectio
540 1608 606 1647 cum
630 1587 670 1648 ab
693 1587 882 1648 inferioribus
896 1589 934 1648 ad
957 1588 1111 1666 superiora
1129 1588 1164 1648 fit
1177 1588 1298 1666 gradus
1341 1587 1455 1648 Faten-

350 1683 421 1742 dum
438 1693 537 1744 tamea
552 1694 596 1744 est
615 1684 712 1744 Totius
726 1684 830 1762 Loyici
849 1684 1036 1757 divisionem,
1057 1685 1156 1764 potius
1169 1707 1205 1746 ac
1220 1687 1320 1746 verius
1342 1706 1453 1763 campe

347 1781 478 1840 titionem
512 1800 582 1854 osse,
616 1801 708 1859 qaam
743 1780 946 1842 divisionem:
985 1781 1129 1841 dividitur
1166 1801 1297 1860 neroque
1339 1781 1450 1842 'l'ntum

349 1876 507 1956 Logieam,
531 1899 558 1940 v.
581 1899 608 1957 g.
630 1898 733 1956 genus,
746 1877 897 1938 additione
919 1877 1166 1952 differentiarum,
1189 1900 1266 1957 qnae
1286 1867 1357 1938 'uria
1380 1899 1449 1938 cum

348 1975 412 2052 ipso
431 1977 549 2052 speciem
564 1984 755 2053 componant:
776 1976 847 2035 item
870 1977 1024 2036 latendum
1039 1987 1084 2036 est
1109 1976 1206 2036 Totius
1220 1977 1325 2054 Layici
1346 1976 1451 2036 cullec-

350 2072 470 2146 tioucm,
493 2073 591 2152 potius
614 2093 650 2133 ac
672 2073 771 2132 verius
792 2073 992 2133 resolutionem
1014 2093 1085 2146 csse,
1109 2093 1199 2151 quam
1222 2073 1447 2134 collectionem:

349 2189 416 2228 nain
439 2190 506 2230 cum
530 2190 568 2230 ex
591 2169 853 2242 inferioritatem
878 2161 1118 2248 particulaiibas,
1132 2171 1295 2248 superiora,
1310 2191 1362 2230 seu
1386 2172 1448 2230 uni-

348 2263 475 2324 versalia
497 2265 664 2343 oollipimua,
688 2285 791 2326 revera
819 2264 977 2337 inferioris,
1000 2285 1049 2324 seu
1079 2263 1269 2343 particularis
1297 2265 1447 2324 notionem

346 2361 519 2433 reeoloimon,
532 2371 563 2421 et
583 2360 726 2439 neglectis
747 2360 783 2420 iis
802 2361 890 2432 iratis,
904 2361 935 2418 in
957 2359 1066 2438 quibas
1086 2360 1238 2432 differunt,
1259 2381 1447 2420 conuaunem

346 2457 532 2520 solummodo
546 2469 647 2520 aotam
669 2457 859 2518 attendimus.
902 2457 1106 2533 Quamobrem
1116 2458 1185 2536 jure
1201 2457 1366 2534 meritoque
1379 2477 1448 2516 ooo·

347 2555 414 2633 lysis
427 2563 581 2614 exercetur
594 2563 625 2614 et
637 2552 765 2613 dicitur:
787 2559 958 2631 “processus
971 2553 1067 2612 arania
1081 2573 1100 2612 a
1113 2553 1279 2612 notionibra
1289 2553 1447 2630 particulo-

345 2651 427 2712 ribas
440 2651 479 2712 ad
493 2652 668 2712 aniamealor
675 2651 705 2721 ;'’
726 2661 756 2710 et
769 2671 786 2712 c
799 2661 903 2710 contra
924 2649 1081 2728 eyiitleas:
1104 2656 1275 2729 “precamus
1297 2651 1395 2710 omnis
1409 2651 1446 2708 ab

345 2748 556 2808 universalibus
569 2747 734 2808 palmitibus
747 2748 786 2808 ad
806 2747 1024 2825 protentam?

387 2845 620 2906 Ill-Damam
635 2851 804 2924 “processus
818 2865 837 2904 a
850 2865 937 2904 consa
952 2845 991 2904 ad
1006 2841 1137 2924 effect&
1150 2845 1322 2924 melliniens
1330 2867 1341 2916 ,·
1364 2851 1445 2924 “pro

347 2963 442 3002 cessus
457 2963 526 3002 vero
541 2941 580 3002 ab
602 2941 702 3020 effecta
715 2943 753 3002 ad
778 2942 912 3001 comum'
928 2955 1014 3001 estet
1033 2942 1102 3020 jare
1126 2943 1231 3002 merito
1254 2955 1446 3021 nuncupatur

346 3039 514 3116 ottalyticas.
557 3037 637 3098 Nam
666 3058 766 3112 causa,
793 3039 816 3098 si
839 3040 997 3098 instrinsecus
1019 3049 1063 3098 est
1091 3041 1180 3117 (puta
1203 3041 1373 3111 materialis,
1398 3041 1442 3100 vel

339 3135 488 3212 formalis)
504 3155 534 3195 ae
548 3135 640 3196 habet
653 3135 693 3195 ad
713 3135 861 3207 ellectum,
877 3145 910 3195 ut
931 3155 1000 3214 pars
1014 3135 1053 3196 ad
1067 3142 1165 3207 mlum,
1180 3147 1213 3196 ut
1226 3137 1395 3196 electarium
1407 3138 1443 3196 ad

345 3234 544 3310 compositum
565 3233 608 3292 sin
634 3243 734 3292 autern
757 3235 914 3292 cotriineca
937 3233 985 3304 sit,
1006 3253 1034 3292 v.
1059 3254 1087 3310 g.
1112 3231 1242 3310 efficiens,
1263 3253 1318 3293 suo
1342 3233 1442 3294 ellectu

345 3331 586 3390 ionioeroalo'oreat
598 3339 628 3390 ct
641 3331 815 3408 simplicior;
831 3331 901 3390 item
916 3331 955 3391 ad
969 3330 1106 3390 ellectum
1118 3340 1314 3408 coaeparatur
1322 3351 1380 3408 per
1392 3351 1445 3390 mo·

345 3427 415 3487 ditm
432 3428 536 3505 portio,
551 3447 621 3487 narn
636 3448 692 3488 esee
705 3434 853 3488 camalam
868 3438 898 3488 et
911 3448 932 3486 n
945 3427 999 3486 tuli
1011 3447 1099 3486 cauea
1108 3425 1264 3504 procedere
1279 3447 1341 3486 una
1354 3439 1397 3487 est
1406 3449 1440 3486 ea

344 3525 430 3598 uotis,
439 3545 490 3585 seu
500 3524 635 3612 partibus
648 3525 777 3585 notionis
790 3524 909 3602 effetus.
951 3523 1000 3584 Ex
1015 3525 1105 3585 dictis
1118 3524 1271 3586 declarata
1280 3536 1310 3585 et
1319 3525 1442 3604 probata

347 3633 448 3683 maaet
462 3623 592 3684 mettio.

385 3721 453 3781 358.
495 3719 545 3780 Ex
568 3719 655 3780 dietis
677 3718 817 3798 colligere
839 3719 956 3796 poteris,
970 3739 1118 3797 quaenam
1141 3718 1248 3780 mentis
1261 3721 1442 3797 operationes

344 3819 515 3896 analyticae,
540 3837 686 3896 quaenam
712 3838 782 3877 vero
802 3817 973 3896 oyallteticue
997 3817 1140 3878 dicendae
1164 3819 1441 3897 siut-Aaulotioor

343 3915 528 4006 operationes
554 3925 640 3975 eunt:
669 3914 917 3988 a)-Abetroctio,
941 3937 1001 3995 qun
1026 3916 1073 3977 vol
1097 3918 1179 3977 notio
1203 3917 1383 3978 uuivermlis
1407 3939 1437 3977 ez

342 4011 576 4091 particularibus
597 4010 690 4072 veluti
714 4011 869 4082 educitar3
901 4012 947 4072 vol
971 4013 1146 4090 proprietate,
1169 4025 1283 4072 remoto
1304 4014 1439 4094 sabjecta,

343 4109 564 4169 consideratur:
600 4107 809 4184 t)—-Diotoio.·
837 4107 1053 4185 o)-Indaotio,
1081 4128 1142 4188 qua
1170 4129 1207 4170 ex
1242 4109 1437 4188 singularibus

342 4205 521 4268 sufficienter
534 4203 715 4264 enumeratis
728 4204 838 4264 veritas
854 4206 1030 4266 universalis
1044 4205 1214 4284 colligitur:
1236 4205 1437 4282 d)-matotio·

342 4325 392 4366 aea
406 4303 593 4382 alpedrolcae,
608 4302 718 4381 quibus
738 4302 919 4381 quandoque
939 4303 1084 4364 lbrmalae
1106 4305 1205 4364 minue
1226 4303 1289 4364 late
1310 4316 1434 4384 patentes
1529 4293 1530 4365 l
