3172 4950
335 425 373 490 ra
828 427 950 508 opat.

337 647 399 684 aaa
414 626 482 687 boni
489 647 501 698 ;
521 627 641 705 quando
666 637 765 687 autem
780 647 839 686 noa
859 626 995 695 mevenit,
1010 633 1083 686 tunc
1096 625 1188 686 habet.
1209 627 1350 686 rationem
1363 628 1441 686 maci

335 721 374 784 Et
388 724 459 802 quia
473 736 582 784 natura
597 724 684 784 estid
700 723 781 802 quod
802 725 933 800 primum
945 722 1150 782 consideratur
1164 723 1194 782 in
1210 743 1242 782 re
1256 723 1321 782 ideo
1335 723 1436 782 Hau·-

338 827 382 878 tue
396 822 520 899 ponitur
536 821 632 898 prima
645 821 756 899 species
770 818 952 898 qqalitatis.”

372 917 458 976 Haec
479 917 508 976 S.
538 917 677 978 lloctoris
704 917 937 995 argumentatio,
957 927 992 976 ut
1018 915 1137 976 facilius
1164 915 1364 995 intelligatur,
1388 918 1435 976 sir·

331 1014 421 1072 etiam
437 1015 561 1092 proponi
577 1024 681 1093 potest.

372 1113 419 1172 74.
461 1109 518 1170 Tot
531 1123 602 1172 sunt
623 1110 778 1190 qualitatis
799 1109 919 1188 species,
932 1119 1004 1189 quot
1018 1123 1089 1171 sunt
1104 1110 1183 1171 modi
1199 1109 1307 1189 quibus
1329 1110 1436 1189 aliqua

330 1207 497 1268 sulrstantia
511 1209 647 1286 corpora
663 1210 709 1286 (in
723 1211 838 1268 ratione
849 1229 897 1267 sc:
918 1207 1098 1268 aubstnatiae
1110 1208 1290 1281 constituta)
1303 1207 1436 1268 acciden-

331 1307 426 1364 telr'ter
439 1303 528 1378 affici,
542 1315 636 1384 potest
658 1326 694 1365 ac
717 1305 922 1366 determinari.
961 1303 1104 1384 damage
1125 1305 1199 1365 haec
1222 1305 1434 1366 determinatio

329 1401 423 1482 accipi
438 1412 552 1481 potest5
573 1402 618 1462 vel
635 1401 803 1478 cti—relate
816 1401 856 1462 ad
870 1402 964 1486 ipsam
980 1410 1117 1462 naturam
1131 1403 1273 1481 subjecti:
1295 1402 1343 1463 vel
1358 1403 1430 1476 b)—

327 1499 489 1560 sccundum
504 1503 642 1570 actimtem
657 1499 705 1560 vel
724 1500 907 1577 passionem
928 1498 974 1560 vel
986 1499 1218 1574 c)-secundum
1234 1501 1434 1580 qrtantitatem.

328 1596 450 1674 qnando
462 1595 630 1676 stilq'atum
638 1608 688 1660 ,est
701 1595 864 1656 nratenalis
877 1595 1055 1656 substantia.

367 1695 398 1757 Si
421 1695 569 1774 accipitur
591 1695 760 1774 u)-—relate
780 1695 820 1755 ad
842 1695 936 1774 ipsam
960 1701 1100 1754 naturam
1121 1695 1257 1775 srrlq'ecti,
1270 1715 1347 1774 quae
1361 1695 1431 1755 bau·

330 1795 375 1854 vel
386 1796 459 1854 mole
472 1817 503 1854 se
514 1793 627 1863 habere¹
639 1804 731 1873 potest
743 1814 751 1866 ;
765 1793 886 1872 exurgit
899 1792 998 1872 prima
1011 1790 1165 1870 qualitatis
1178 1791 1288 1870 species
1302 1791 1434 1851 Habitus¹

329 1911 375 1950 ac:
397 1901 427 1950 et
454 1887 621 1968 Dr'epoaitio.
664 1888 839 1949 Habebitur
872 1887 1041 1966 Dteposilio,
1068 1887 1092 1947 si
1121 1887 1195 1947 haec
1222 1886 1433 1947 determina-tio

325 1986 470 2047 dimoveri
487 1987 579 2064 ,facile
602 1987 711 2066 possit:
731 1983 893 2047 habebitur
907 1983 1049 2058 Habitat,
1070 1983 1096 2044 si
1120 1984 1194 2044 baec
1217 1983 1429 2044 determinatio

328 2083 478 2162 aquator
501 2082 646 2156 dimoveri
666 2103 724 2160 per
743 2103 773 2142 aa
795 2081 893 2161 possit.
935 2081 1014 2140 Dico
1033 2101 1091 2158 par
1102 2101 1142 2153 ee,
1154 2080 1226 2159 quia
1239 2079 1362 2140 habitus
1374 2101 1431 2159 per

328 2164 459 2238 riccr'dene
482 2181 500 2240 i.
515 2201 540 2239 e.
554 2181 668 2240 radone
690 2179 808 2258 sabjecti
829 2178 975 2240 dimoveri
1000 2177 1165 2257 aliquando
1184 2187 1292 2257 potest,
1306 2188 1340 2239 ut
1354 2189 1428 2257 puta
1541 2227 1544 2236 ,

326 2275 460 2348 scientia,
473 2295 550 2353 quae
564 2274 664 2335 amitti
679 2283 784 2354 potest,
796 2274 822 2334 si
835 2295 893 2334 non
909 2273 1073 2334 excolatur.

366 2371 396 2432 Si
412 2372 559 2452 accipitur
583 2371 818 2450 bJ—secundum
842 2372 981 2430 adiuuem
1002 2369 1049 2430 vel
1067 2373 1242 2448 passionen,
1255 2369 1424 2450 hujusmodi

326 2469 442 2530 affectio
456 2469 504 2529 vel
526 2469 743 2542 determinatio,
757 2468 796 2528 ad
819 2467 979 2528 secundam
995 2466 1042 2527 vel
1057 2468 1176 2528 tertiam
1190 2467 1318 2546 speeiem
1332 2467 1431 2546 quali-

327 2567 396 2627 tatis
419 2566 586 2645 pertinebit
630 2565 672 2626 Et
694 2564 791 2644 primo
814 2565 935 2644 quidem
956 2564 1114 2624 mundum
1136 2567 1285 2637 actionem,
1299 2564 1426 2624 habetur

328 2663 459 2723 Potentia
475 2662 521 2724 vel
545 2662 738 2738 Intpotentia:
757 2660 915 2740 siquidem,
930 2669 965 2721 ut
976 2660 1143 2740 subjectum
1158 2660 1211 2721 fiat
1224 2681 1322 2738 capax
1336 2661 1428 2721 actio-

327 2760 370 2819 nis
385 2759 556 2833 eliciendae,
571 2759 732 2818 necessario
754 2758 860 2818 instrui
875 2757 964 2818 debet
985 2757 1130 2818 facultate
1150 2757 1306 2836 operandi,
1318 2758 1426 2836 princi·

326 2857 375 2936 pio
388 2877 436 2916 sc:
452 2857 585 2934 proeimo
607 2877 671 2936 quo,
686 2875 745 2934 per
757 2875 787 2915 ae
799 2855 837 2915 ad
853 2855 1054 2933 operationem
1077 2855 1233 2927 ordinato;
1253 2855 1309 2915 hoc
1324 2865 1425 2916 autem

324 2954 502 3031 praeraptam
525 2973 579 3032 qno
601 2952 781 3030 operationis
799 2953 977 3030 proximum,
990 2951 1015 3012 si
1038 2951 1201 3029 plurimum
1217 2951 1308 3024 valet,
1322 2951 1427 3012 Poten-

324 3053 384 3120 tia,·
404 3049 429 3108 si
452 3069 558 3127 parum
583 3048 672 3121 valet,
702 3049 876 3126 Impotentio
900 3048 1277 3126 nuncupatur-Secundo
1305 3061 1421 3110 autem:

323 3143 347 3203 si
372 3146 519 3223 accipitur
543 3145 595 3205 illa
627 3145 836 3205 determinatio
859 3145 1020 3204 secundum
1049 3149 1214 3223 puericiam
1221 3169 1233 3216 ,¹
1264 3147 1426 3208 habebitur

251 3256 257 3272 ¹
328 3243 427 3302 l'useio
452 3253 482 3302 et
507 3241 659 3302 Possibilis
696 3243 848 3318 &solitam
870 3243 943 3301 haec
967 3242 1011 3301 nil
1025 3253 1070 3302 est
1089 3242 1176 3301 aliud
1203 3243 1259 3303 nisi
1284 3244 1425 3322 qualitas.

324 3359 384 3417 qua
408 3336 571 3417 subjeetum
596 3337 751 3411 alteratur,
765 3359 841 3417 quae
855 3339 976 3417 quidem
999 3339 1139 3418 qualium,
1152 3341 1175 3397 si
1190 3342 1244 3400 cito
1259 3343 1374 3414 transit,
1391 3357 1421 3402 ut

325 3455 351 3496 v.
366 3456 393 3514 g.
409 3435 501 3495 rubor
514 3455 551 3494 ex
576 3435 754 3495 verecundia
776 3436 887 3495 dieitur
904 3439 1022 3514 possim
1042 3437 1067 3500 si
1082 3437 1134 3496 diu
1159 3453 1332 3516 perseveret,
1347 3452 1380 3500 ut
1395 3461 1424 3499 v.

324 3553 353 3611 g.
368 3531 465 3611 pallor
479 3553 515 3591 ex
540 3541 773 3610 temperamento
785 3533 932 3610 praebitis
955 3533 1080 3612 qualitur«
1102 3533 1320 3596 demnninatur.
1344 3535 1424 3614 'tert

326 3629 351 3690 3.
368 3650 395 3707 p.
410 3651 437 3708 q.
453 3629 500 3690 53.
515 3648 541 3689 a.
555 3629 580 3688 2.
595 3628 635 3688 ad
651 3628 701 3706 2.)Ι

366 3725 495 3786 Densum
511 3726 603 3804 c)-si
621 3726 789 3806 hujusmodi
805 3727 1014 3787 determinatio
1027 3728 1152 3808 subjecti
1167 3730 1314 3808 arripitur
1327 3753 1425 3790 senno

325 3823 394 3884 dum
408 3825 613 3903 quantitatem:
635 3821 795 3882 habebitur
808 3835 916 3902 quarta
930 3824 1085 3902 qualitatis
1099 3825 1208 3903 spanias
1216 3828 1317 3904 fipurn
1331 3849 1379 3887 sc:
1394 3841 1420 3888 et

321 3920 585 3998 formu-lipara
609 3919 798 3998 consequitur
819 3919 1017 3998 quantitatem
1042 3921 1144 3980 molis:
1169 3943 1238 3981 nam
1257 3923 1359 4001 fipura
1381 3937 1422 3984 est

325 4038 402 4096 quae
415 4018 542 4078 termino
556 4015 603 4076 vel
626 4016 760 4076 terminis
773 4018 958 4089 coniunctum
981 4017 1065 4077 nulla
1079 4032 1177 4078 autem
1194 4031 1238 4080 est
1260 4023 1423 4099 qumnitcm.

325 4133 401 4193 quae
421 4113 555 4174 terminis
576 4133 633 4173 non
656 4113 843 4172 contineatur
867 4113 909 4190 (S.
925 4112 981 4172 Th.
997 4115 1022 4174 7.
1039 4113 1128 4193 Phys.
1153 4116 1204 4176 lec.
1225 4117 1267 4192 5.)
1311 4117 1422 4178 Forma

325 4233 404 4286 vero,
419 4212 455 4272 de
479 4232 539 4290 qua
564 4211 612 4271 hic
635 4211 743 4289 agitur,
767 4231 826 4280 non
849 4211 985 4289 equidem
1000 4223 1052 4290 ,est
1074 4215 1170 4272 tonna
1194 4214 1349 4286 naturalis,
1371 4217 1421 4275 sed

325 4311 493 4390 artificialia
508 4329 597 4387 quarn
610 4329 656 4367 sc:
672 4309 780 4367 artifex
796 4307 912 4368 inducit
927 4303 1101 4388 insubjecta
1117 4312 1296 4383 materiacx
1313 4313 1424 4391 regulis

323 4409 404 4480 artie,
419 4419 454 4468 ut
468 4429 494 4468 v.
509 4429 537 4486 g.
554 4407 582 4466 in
599 4426 746 4466 marmore
760 4407 858 4465 forma
873 4407 1040 4467 Alexandri
1054 4408 1100 4468 vel
1118 4409 1261 4470 (laesuris.
