<?xml version="1.0" encoding="UTF-8"?>
<!DOCTYPE html PUBLIC "-//W3C//DTD XHTML 1.0 Transitional//EN"
    "http://www.w3.org/TR/xhtml1/DTD/xhtml1-transitional.dtd">
<html xmlns="http://www.w3.org/1999/xhtml" xml:lang="en" lang="en">
 <head>
  <title>
</title>
<meta http-equiv="Content-Type" content="text/html;charset=utf-8" />
  <meta name='ocr-system' content='tesseract 3.04.00' />
  <meta name='ocr-capabilities' content='ocr_page ocr_carea ocr_par ocr_line ocrx_word'/>
</head>
<body>
  <div class='ocr_page' id='page_1' title='image "./logicaegenerali00schigoog_0023.png"; bbox 0 0 3172 4950; ppageno 0'>
   <div class='ocr_carea' id='block_1_1' title="bbox 799 459 919 538">
    <p class='ocr_par' dir='ltr' id='par_1_1' title="bbox 799 459 919 538">
     <span class='ocr_line' id='line_1_1' title="bbox 799 459 919 538; baseline -0.008 -19"><span class='ocrx_word' id='word_1_1' title='bbox 799 459 919 538; x_wconf 77' lang='lat' dir='ltr'>Loqieu.</span> 
     </span>
    </p>
   </div>
   <div class='ocr_carea' id='block_1_2' title="bbox 582 651 1399 1116">
    <p class='ocr_par' dir='ltr' id='par_1_2' title="bbox 582 651 1399 969">
     <span class='ocr_line' id='line_1_2' title="bbox 582 651 1359 732; baseline 0 -21"><span class='ocrx_word' id='word_1_2' title='bbox 582 651 694 712; x_wconf 80' lang='lat' dir='ltr'>Primo.</span> <span class='ocrx_word' id='word_1_3' title='bbox 778 652 826 712; x_wconf 91' lang='lat' dir='ltr'>De</span> <span class='ocrx_word' id='word_1_4' title='bbox 847 653 999 732; x_wconf 68' lang='lat' dir='ltr'>Conceptn</span> <span class='ocrx_word' id='word_1_5' title='bbox 1016 673 1065 713; x_wconf 83' lang='lat' dir='ltr'>eeu</span> <span class='ocrx_word' id='word_1_6' title='bbox 1081 653 1209 713; x_wconf 84' lang='lat' dir='ltr'>termino</span> <span class='ocrx_word' id='word_1_7' title='bbox 1227 652 1359 713; x_wconf 87' lang='lat' dir='ltr'>mentuli.</span> 
     </span>
     <span class='ocr_line' id='line_1_3' title="bbox 582 732 1387 794; baseline 0.001 -3"><span class='ocrx_word' id='word_1_8' title='bbox 582 732 729 793; x_wconf 83' lang='lat' dir='ltr'>Secunde.</span> <span class='ocrx_word' id='word_1_9' title='bbox 781 732 829 793; x_wconf 93' lang='lat' dir='ltr'>De</span> <span class='ocrx_word' id='word_1_10' title='bbox 851 733 1016 794; x_wconf 82' lang='lat' dir='ltr'>Vocabul&#39;m</span> <span class='ocrx_word' id='word_1_11' title='bbox 1030 754 1079 793; x_wconf 83' lang='lat' dir='ltr'>seu</span> <span class='ocrx_word' id='word_1_12' title='bbox 1096 735 1230 794; x_wconf 80' lang='lat' dir='ltr'>terminis</span> <span class='ocrx_word' id='word_1_13' title='bbox 1245 733 1387 794; x_wconf 73' lang='lat' dir='ltr'>orelibue</span> 
     </span>
     <span class='ocr_line' id='line_1_4' title="bbox 582 811 1399 874; baseline 0.001 -2"><span class='ocrx_word' id='word_1_14' title='bbox 582 811 692 873; x_wconf 83' lang='lat' dir='ltr'>Tertia.</span> <span class='ocrx_word' id='word_1_15' title='bbox 782 812 829 873; x_wconf 87' lang='lat' dir='ltr'>De</span> <span class='ocrx_word' id='word_1_16' title='bbox 870 814 1062 874; x_wconf 80' lang='lat' dir='ltr'>artitionibue</span> <span class='ocrx_word' id='word_1_17' title='bbox 1076 815 1280 874; x_wconf 84' lang='lat' dir='ltr'>terminorum.</span> <span class='ocrx_word' id='word_1_18' title='bbox 1396 813 1399 818; x_wconf 76' lang='grc'><strong>’</strong></span> 
     </span>
     <span class='ocr_line' id='line_1_5' title="bbox 584 835 1089 969; baseline 0.004 -17"><span class='ocrx_word' id='word_1_19' title='bbox 584 894 712 969; x_wconf 75' lang='lat' dir='ltr'>Quarto.</span> <span class='ocrx_word' id='word_1_20' title='bbox 782 894 830 953; x_wconf 87' lang='lat' dir='ltr'>De</span> <span class='ocrx_word' id='word_1_21' title='bbox 851 835 1089 955; x_wconf 63' lang='lat' dir='ltr'>liniversalibus.</span> 
     </span>
    </p>

    <p class='ocr_par' dir='ltr' id='par_1_3' title="bbox 582 974 1329 1116">
     <span class='ocr_line' id='line_1_6' title="bbox 584 974 1329 1054; baseline -0.001 -21"><span class='ocrx_word' id='word_1_22' title='bbox 584 974 709 1050; x_wconf 77' lang='lat' dir='ltr'>Quinta.</span> <span class='ocrx_word' id='word_1_23' title='bbox 782 974 829 1034; x_wconf 88' lang='lat' dir='ltr'>De</span> <span class='ocrx_word' id='word_1_24' title='bbox 851 974 1090 1054; x_wconf 85' lang='lat' dir='ltr'>Proprietatibus</span> <span class='ocrx_word' id='word_1_25' title='bbox 1111 974 1329 1034; x_wconf 87' lang='lat' dir='ltr'>Terminorum.</span> 
     </span>
     <span class='ocr_line' id='line_1_7' title="bbox 582 1053 1254 1116; baseline 0 -2"><span class='ocrx_word' id='word_1_26' title='bbox 582 1053 682 1114; x_wconf 83' lang='lat' dir='ltr'>Sexta.</span> <span class='ocrx_word' id='word_1_27' title='bbox 779 1053 826 1114; x_wconf 92' lang='lat' dir='ltr'>De</span> <span class='ocrx_word' id='word_1_28' title='bbox 848 1054 1004 1116; x_wconf 76' lang='lat' dir='ltr'>Diuisione</span> <span class='ocrx_word' id='word_1_29' title='bbox 1019 1068 1048 1115; x_wconf 88' lang='lat' dir='ltr'>et</span> <span class='ocrx_word' id='word_1_30' title='bbox 1063 1053 1254 1115; x_wconf 84' lang='lat' dir='ltr'>Definitione.</span> 
     </span>
    </p>
   </div>
   <div class='ocr_carea' id='block_1_3' title="bbox 335 770 540 845">
    <p class='ocr_par' dir='ltr' id='par_1_4' title="bbox 335 770 540 845">
     <span class='ocr_line' id='line_1_8' title="bbox 335 770 540 845; baseline 0.015 -17"><span class='ocrx_word' id='word_1_31' title='bbox 335 770 540 845; x_wconf 75' lang='lat' dir='ltr'><strong>Quamobrem</strong></span> 
     </span>
    </p>
   </div>
   <div class='ocr_carea' id='block_1_4' title="bbox 301 930 494 1008">
    <p class='ocr_par' dir='ltr' id='par_1_5' title="bbox 301 930 494 1008">
     <span class='ocr_line' id='line_1_9' title="bbox 301 930 494 1008; baseline 0.021 -21"><span class='ocrx_word' id='word_1_32' title='bbox 301 930 494 1008; x_wconf 66' lang='lat' dir='ltr'>quamtionee.</span> 
     </span>
    </p>
   </div>
   <div class='ocr_carea' id='block_1_5' title="bbox 302 1218 1403 1688">
    <p class='ocr_par' dir='ltr' id='par_1_6' title="bbox 302 1218 1403 1688">
     <span class='ocr_line' id='line_1_10' title="bbox 303 1218 1403 1298; baseline 0.003 -22"><span class='ocrx_word' id='word_1_33' title='bbox 303 1218 351 1276; x_wconf 87' lang='lat' dir='ltr'>Ex</span> <span class='ocrx_word' id='word_1_34' title='bbox 368 1219 424 1290; x_wconf 74' lang='lat' dir='ltr'>liis,</span> <span class='ocrx_word' id='word_1_35' title='bbox 438 1240 514 1298; x_wconf 83' lang='lat' dir='ltr'>quae</span> <span class='ocrx_word' id='word_1_36' title='bbox 530 1220 560 1280; x_wconf 91' lang='lat' dir='ltr'>in</span> <span class='ocrx_word' id='word_1_37' title='bbox 582 1231 704 1282; x_wconf 81' lang='lat' dir='ltr'>auctore</span> <span class='ocrx_word' id='word_1_38' title='bbox 725 1222 929 1294; x_wconf 82' lang='lat' dir='ltr'>inueniuntur,</span> <span class='ocrx_word' id='word_1_39' title='bbox 943 1243 979 1282; x_wconf 86' lang='lat' dir='ltr'>ea</span> <span class='ocrx_word' id='word_1_40' title='bbox 1000 1233 1118 1284; x_wconf 82' lang='lat' dir='ltr'>tuntum</span> <span class='ocrx_word' id='word_1_41' title='bbox 1140 1221 1331 1282; x_wconf 78' lang='lat' dir='ltr'>subindicare</span> <span class='ocrx_word' id='word_1_42' title='bbox 1345 1223 1403 1281; x_wconf 84' lang='lat' dir='ltr'>suf-</span> 
     </span>
     <span class='ocr_line' id='line_1_11' title="bbox 302 1316 1400 1397; baseline -0.001 -22"><span class='ocrx_word' id='word_1_43' title='bbox 302 1316 380 1376; x_wconf 81' lang='lat' dir='ltr'>ficiet</span> <span class='ocrx_word' id='word_1_44' title='bbox 394 1317 432 1376; x_wconf 83' lang='lat' dir='ltr'>ad</span> <span class='ocrx_word' id='word_1_45' title='bbox 456 1318 611 1396; x_wconf 78' lang='lat' dir='ltr'>ipsumque</span> <span class='ocrx_word' id='word_1_46' title='bbox 625 1319 792 1389; x_wconf 89' lang='lat' dir='ltr'>remittere;</span> <span class='ocrx_word' id='word_1_47' title='bbox 815 1333 1006 1397; x_wconf 71' lang='lat' dir='ltr'>quaerentem</span> <span class='ocrx_word' id='word_1_48' title='bbox 1024 1319 1070 1378; x_wconf 85' lang='lat' dir='ltr'>rel</span> <span class='ocrx_word' id='word_1_49' title='bbox 1086 1319 1207 1379; x_wconf 92' lang='lat' dir='ltr'>omnino</span> <span class='ocrx_word' id='word_1_50' title='bbox 1222 1319 1338 1391; x_wconf 82' lang='lat' dir='ltr'>desunt,</span> <span class='ocrx_word' id='word_1_51' title='bbox 1355 1317 1400 1376; x_wconf 84' lang='lat' dir='ltr'>rel</span> 
     </span>
     <span class='ocr_line' id='line_1_12' title="bbox 303 1397 1403 1495; baseline 0.005 -23"><span class='ocrx_word' id='word_1_52' title='bbox 303 1397 472 1474; x_wconf 80' lang='lat' dir='ltr'>ulteriorem</span> <span class='ocrx_word' id='word_1_53' title='bbox 495 1414 725 1494; x_wconf 80' lang='lat' dir='ltr'>explicationem</span> <span class='ocrx_word' id='word_1_54' title='bbox 750 1417 885 1495; x_wconf 83' lang='lat' dir='ltr'>exigunt,</span> <span class='ocrx_word' id='word_1_55' title='bbox 911 1436 971 1494; x_wconf 84' lang='lat' dir='ltr'>quo</span> <span class='ocrx_word' id='word_1_56' title='bbox 993 1416 1105 1494; x_wconf 81' lang='lat' dir='ltr'>majore</span> <span class='ocrx_word' id='word_1_57' title='bbox 1121 1427 1221 1494; x_wconf 88' lang='lat' dir='ltr'>potero</span> <span class='ocrx_word' id='word_1_58' title='bbox 1247 1415 1403 1479; x_wconf 78' lang='lat' dir='ltr'>brevitate,</span> 
     </span>
     <span class='ocr_line' id='line_1_13' title="bbox 302 1505 1403 1591; baseline 0.002 -22"><span class='ocrx_word' id='word_1_59' title='bbox 302 1510 419 1570; x_wconf 81' lang='lat' dir='ltr'>tradere</span> <span class='ocrx_word' id='word_1_60' title='bbox 433 1511 572 1582; x_wconf 81' lang='lat' dir='ltr'>conabor,</span> <span class='ocrx_word' id='word_1_61' title='bbox 584 1510 704 1573; x_wconf 89' lang='lat' dir='ltr'>uberius</span> <span class='ocrx_word' id='word_1_62' title='bbox 718 1533 753 1572; x_wconf 83' lang='lat' dir='ltr'>ac</span> <span class='ocrx_word' id='word_1_63' title='bbox 768 1512 884 1591; x_wconf 82' lang='lat' dir='ltr'>plenius</span> <span class='ocrx_word' id='word_1_64' title='bbox 896 1513 927 1570; x_wconf 89' lang='lat' dir='ltr'>in</span> <span class='ocrx_word' id='word_1_65' title='bbox 938 1511 1048 1572; x_wconf 82' lang='lat' dir='ltr'>Schola</span> <span class='ocrx_word' id='word_1_66' title='bbox 1063 1505 1275 1590; x_wconf 82' lang='lat' dir='ltr'>explicaturus,</span> <span class='ocrx_word' id='word_1_67' title='bbox 1312 1512 1403 1588; x_wconf 76' lang='lat' dir='ltr'>Quod</span> 
     </span>
     <span class='ocr_line' id='line_1_14' title="bbox 304 1607 959 1688; baseline 0.008 -24"><span class='ocrx_word' id='word_1_68' title='bbox 304 1607 351 1667; x_wconf 91' lang='lat' dir='ltr'>bic</span> <span class='ocrx_word' id='word_1_69' title='bbox 365 1607 441 1678; x_wconf 88' lang='lat' dir='ltr'>dico,</span> <span class='ocrx_word' id='word_1_70' title='bbox 456 1608 493 1668; x_wconf 91' lang='lat' dir='ltr'>de</span> <span class='ocrx_word' id='word_1_71' title='bbox 507 1607 575 1668; x_wconf 82' lang='lat' dir='ltr'>eliis</span> <span class='ocrx_word' id='word_1_72' title='bbox 597 1608 732 1686; x_wconf 78' lang='lat' dir='ltr'>partibus</span> <span class='ocrx_word' id='word_1_73' title='bbox 747 1609 861 1670; x_wconf 88' lang='lat' dir='ltr'>dictum</span> <span class='ocrx_word' id='word_1_74' title='bbox 877 1619 959 1688; x_wconf 80' lang='lat' dir='ltr'>pute.</span> 
     </span>
    </p>
   </div>
   <div class='ocr_carea' id='block_1_6' title="bbox 714 1923 1075 2023">
    <p class='ocr_par' dir='ltr' id='par_1_7' title="bbox 714 1923 1075 2023">
     <span class='ocr_line' id='line_1_15' title="bbox 714 1923 1075 2023; baseline -0.008 -15"><span class='ocrx_word' id='word_1_75' title='bbox 714 1946 934 2023; x_wconf 77' lang='lat' dir='ltr'>ounnerro</span> <span class='ocrx_word' id='word_1_76' title='bbox 958 1945 981 2006; x_wconf 91' lang='lat'>1.</span> <span class='ocrx_word' id='word_1_77' title='bbox 1068 1923 1075 1939; x_wconf 85' lang='lat'>‘</span> 
     </span>
    </p>
   </div>
   <div class='ocr_carea' id='block_1_7' title="bbox 539 2141 1161 2185">
    <p class='ocr_par' dir='ltr' id='par_1_8' title="bbox 539 2141 1161 2185">
     <span class='ocr_line' id='line_1_16' title="bbox 539 2141 1161 2185; baseline -0.003 -1"><span class='ocrx_word' id='word_1_78' title='bbox 539 2143 584 2184; x_wconf 83' lang='lat' dir='ltr'>DE</span> <span class='ocrx_word' id='word_1_79' title='bbox 598 2143 766 2185; x_wconf 68' lang='lat' dir='ltr'>conceptu</span> <span class='ocrx_word' id='word_1_80' title='bbox 782 2143 822 2184; x_wconf 83' lang='grc' dir='ltr'>ΕΤ</span> <span class='ocrx_word' id='word_1_81' title='bbox 836 2142 986 2184; x_wconf 72' lang='lat' dir='ltr'>Tssnmrxo</span> <span class='ocrx_word' id='word_1_82' title='bbox 1002 2141 1161 2183; x_wconf 79' lang='lat' dir='ltr'>MENTALI.</span> 
     </span>
    </p>
   </div>
   <div class='ocr_carea' id='block_1_8' title="bbox 292 2282 1408 2736">
    <p class='ocr_par' dir='ltr' id='par_1_9' title="bbox 292 2282 1408 2736">
     <span class='ocr_line' id='line_1_17' title="bbox 344 2282 1408 2365; baseline -0.006 -18"><span class='ocrx_word' id='word_1_83' title='bbox 344 2287 512 2365; x_wconf 82' lang='lat' dir='ltr'>Conceptus</span> <span class='ocrx_word' id='word_1_84' title='bbox 526 2285 581 2346; x_wconf 79' lang='lat' dir='ltr'>sub</span> <span class='ocrx_word' id='word_1_85' title='bbox 597 2284 708 2364; x_wconf 87' lang='lat' dir='ltr'>triplici</span> <span class='ocrx_word' id='word_1_86' title='bbox 723 2285 838 2346; x_wconf 84' lang='lat' dir='ltr'>ratione</span> <span class='ocrx_word' id='word_1_87' title='bbox 852 2284 1034 2345; x_wconf 87' lang='lat' dir='ltr'>considerari</span> <span class='ocrx_word' id='word_1_88' title='bbox 1050 2294 1154 2363; x_wconf 84' lang='lat' dir='ltr'>potest.</span> <span class='ocrx_word' id='word_1_89' title='bbox 1197 2283 1316 2343; x_wconf 90' lang='lat' dir='ltr'>Primo:</span> <span class='ocrx_word' id='word_1_90' title='bbox 1334 2282 1408 2342; x_wconf 81' lang='lat' dir='ltr'>rela-</span> 
     </span>
     <span class='ocr_line' id='line_1_18' title="bbox 292 2382 1406 2463; baseline -0.002 -18"><span class='ocrx_word' id='word_1_91' title='bbox 292 2397 332 2445; x_wconf 77' lang='lat' dir='ltr'>te</span> <span class='ocrx_word' id='word_1_92' title='bbox 349 2385 386 2444; x_wconf 88' lang='lat' dir='ltr'>ud</span> <span class='ocrx_word' id='word_1_93' title='bbox 403 2382 650 2463; x_wconf 80' lang='lat' dir='ltr'>intelligentiam,</span> <span class='ocrx_word' id='word_1_94' title='bbox 665 2403 742 2463; x_wconf 81' lang='lat' dir='ltr'>quae</span> <span class='ocrx_word' id='word_1_95' title='bbox 757 2382 844 2443; x_wconf 91' lang='lat' dir='ltr'>illum</span> <span class='ocrx_word' id='word_1_96' title='bbox 859 2383 1161 2462; x_wconf 59' lang='lat' dir='ltr'>pipam-Secundo:</span> <span class='ocrx_word' id='word_1_97' title='bbox 1184 2383 1277 2444; x_wconf 84' lang='lat' dir='ltr'>relate</span> <span class='ocrx_word' id='word_1_98' title='bbox 1292 2384 1330 2443; x_wconf 81' lang='lat' dir='ltr'>ad</span> <span class='ocrx_word' id='word_1_99' title='bbox 1345 2383 1406 2443; x_wconf 92' lang='lat' dir='ltr'>Ob·</span> 
     </span>
     <span class='ocr_line' id='line_1_19' title="bbox 300 2479 1406 2560; baseline -0.004 -18"><span class='ocrx_word' id='word_1_100' title='bbox 300 2484 424 2560; x_wconf 73' lang='lat' dir='ltr'>jeetum</span> <span class='ocrx_word' id='word_1_101' title='bbox 441 2481 525 2560; x_wconf 83' lang='lat' dir='ltr'>cujus</span> <span class='ocrx_word' id='word_1_102' title='bbox 539 2490 583 2541; x_wconf 88' lang='lat' dir='ltr'>est</span> <span class='ocrx_word' id='word_1_103' title='bbox 597 2480 905 2559; x_wconf 58' lang='lat' dir='ltr'>emendo-Tertio:</span> <span class='ocrx_word' id='word_1_104' title='bbox 922 2481 1014 2540; x_wconf 84' lang='lat' dir='ltr'>relate</span> <span class='ocrx_word' id='word_1_105' title='bbox 1028 2481 1068 2540; x_wconf 79' lang='lat' dir='ltr'>ad</span> <span class='ocrx_word' id='word_1_106' title='bbox 1083 2479 1250 2552; x_wconf 83' lang='lat' dir='ltr'>dudicium,</span> <span class='ocrx_word' id='word_1_107' title='bbox 1265 2481 1349 2560; x_wconf 84' lang='lat' dir='ltr'>cujus</span> <span class='ocrx_word' id='word_1_108' title='bbox 1363 2492 1406 2539; x_wconf 81' lang='lat' dir='ltr'>est</span> 
     </span>
     <span class='ocr_line' id='line_1_20' title="bbox 305 2577 1406 2656; baseline 0.002 -22"><span class='ocrx_word' id='word_1_109' title='bbox 305 2579 451 2638; x_wconf 69' lang='lat' dir='ltr'>numium.</span> <span class='ocrx_word' id='word_1_110' title='bbox 493 2577 556 2638; x_wconf 86' lang='lat' dir='ltr'>Sub</span> <span class='ocrx_word' id='word_1_111' title='bbox 571 2577 629 2638; x_wconf 88' lang='lat' dir='ltr'>hoo</span> <span class='ocrx_word' id='word_1_112' title='bbox 644 2577 754 2656; x_wconf 89' lang='lat' dir='ltr'>triplici</span> <span class='ocrx_word' id='word_1_113' title='bbox 771 2587 914 2656; x_wconf 69' lang='lat' dir='ltr'>respectu,</span> <span class='ocrx_word' id='word_1_114' title='bbox 926 2578 1081 2655; x_wconf 84' lang='lat' dir='ltr'>quaeritur</span> <span class='ocrx_word' id='word_1_115' title='bbox 1093 2577 1165 2656; x_wconf 92' lang='lat' dir='ltr'>qnid</span> <span class='ocrx_word' id='word_1_116' title='bbox 1180 2577 1227 2650; x_wconf 81' lang='lat' dir='ltr'>sit,</span> <span class='ocrx_word' id='word_1_117' title='bbox 1242 2587 1270 2637; x_wconf 91' lang='lat' dir='ltr'>et</span> <span class='ocrx_word' id='word_1_118' title='bbox 1286 2597 1406 2656; x_wconf 89' lang='lat' dir='ltr'>quomo-</span> 
     </span>
     <span class='ocr_line' id='line_1_21' title="bbox 305 2677 574 2736; baseline 0 -2"><span class='ocrx_word' id='word_1_119' title='bbox 305 2679 343 2736; x_wconf 89' lang='lat' dir='ltr'>do</span> <span class='ocrx_word' id='word_1_120' title='bbox 357 2677 574 2736; x_wconf 77' lang='lat' dir='ltr'>denominetur.</span> 
     </span>
    </p>
   </div>
   <div class='ocr_carea' id='block_1_9' title="bbox 347 2808 530 2886">
    <p class='ocr_par' dir='ltr' id='par_1_10' title="bbox 347 2808 530 2886">
     <span class='ocr_line' id='line_1_22' title="bbox 347 2808 530 2886; baseline 0 -20"><span class='ocrx_word' id='word_1_121' title='bbox 347 2808 530 2886; x_wconf 71' lang='lat' dir='ltr'>llespondeo.</span> 
     </span>
    </p>
   </div>
   <div class='ocr_carea' id='block_1_10' title="bbox 305 2971 1408 3244">
    <p class='ocr_par' dir='ltr' id='par_1_11' title="bbox 305 2971 1408 3244">
     <span class='ocr_line' id='line_1_23' title="bbox 347 2971 1406 3050; baseline -0.004 -19"><span class='ocrx_word' id='word_1_122' title='bbox 347 2972 438 3031; x_wconf 75' lang='lat' dir='ltr'>Dico.</span> <span class='ocrx_word' id='word_1_123' title='bbox 454 2971 519 3030; x_wconf 60' lang='lat' dir='ltr'>Ir-</span> <span class='ocrx_word' id='word_1_124' title='bbox 527 2973 683 3049; x_wconf 70' lang='lat' dir='ltr'>Conceptus</span> <span class='ocrx_word' id='word_1_125' title='bbox 696 2971 747 3031; x_wconf 70' lang='lat' dir='ltr'>tub</span> <span class='ocrx_word' id='word_1_126' title='bbox 758 2971 856 3050; x_wconf 78' lang='lat' dir='ltr'>priori</span> <span class='ocrx_word' id='word_1_127' title='bbox 871 2977 995 3049; x_wconf 67' lang='lat' dir='ltr'>respectu</span> <span class='ocrx_word' id='word_1_128' title='bbox 1007 2971 1204 3031; x_wconf 75' lang='lat' dir='ltr'>correiderotun</span> <span class='ocrx_word' id='word_1_129' title='bbox 1218 2978 1277 3030; x_wconf 68' lang='lat' dir='ltr'>ext:</span> <span class='ocrx_word' id='word_1_130' title='bbox 1293 2975 1406 3048; x_wconf 74' lang='lat' dir='ltr'>“rrpmo·</span> 
     </span>
     <span class='ocr_line' id='line_1_24' title="bbox 305 3067 1408 3148; baseline 0.002 -24"><span class='ocrx_word' id='word_1_131' title='bbox 305 3069 400 3126; x_wconf 83' lang='lat' dir='ltr'>ductio</span> <span class='ocrx_word' id='word_1_132' title='bbox 423 3069 554 3128; x_wconf 80' lang='lat' dir='ltr'>›nentulie</span> <span class='ocrx_word' id='word_1_133' title='bbox 574 3068 681 3147; x_wconf 81' lang='lat' dir='ltr'>objecti,</span> <span class='ocrx_word' id='word_1_134' title='bbox 696 3089 782 3148; x_wconf 85' lang='lat' dir='ltr'>quom</span> <span class='ocrx_word' id='word_1_135' title='bbox 807 3067 975 3146; x_wconf 76' lang='lat' dir='ltr'>Intellipemr</span> <span class='ocrx_word' id='word_1_136' title='bbox 990 3069 1065 3147; x_wconf 70' lang='lat' dir='ltr'>facit</span> <span class='ocrx_word' id='word_1_137' title='bbox 1081 3070 1110 3128; x_wconf 86' lang='lat' dir='ltr'>in</span> <span class='ocrx_word' id='word_1_138' title='bbox 1132 3069 1269 3146; x_wconf 50' lang='grc' dir='ltr'>πάρεσθ’</span> <span class='ocrx_word' id='word_1_139' title='bbox 1292 3075 1317 3127; x_wconf 82' lang='lat' dir='ltr'>et</span> <span class='ocrx_word' id='word_1_140' title='bbox 1336 3069 1408 3145; x_wconf 73' lang='lat' dir='ltr'>jure</span> 
     </span>
     <span class='ocr_line' id='line_1_25' title="bbox 307 3163 1407 3244; baseline 0.004 -24"><span class='ocrx_word' id='word_1_141' title='bbox 307 3164 460 3242; x_wconf 76' lang='lat' dir='ltr'>meritoque</span> <span class='ocrx_word' id='word_1_142' title='bbox 475 3163 582 3222; x_wconf 77' lang='lat' dir='ltr'>dicitur</span> <span class='ocrx_word' id='word_1_143' title='bbox 598 3164 754 3242; x_wconf 69' lang='lat' dir='ltr'>(bvrreptne</span> <span class='ocrx_word' id='word_1_144' title='bbox 774 3165 943 3243; x_wconf 73' lang='lat' dir='ltr'>mrbjectimm</span> <span class='ocrx_word' id='word_1_145' title='bbox 956 3165 1145 3244; x_wconf 74' lang='lat' dir='ltr'>rrlfomnolie,</span> <span class='ocrx_word' id='word_1_146' title='bbox 1168 3166 1284 3226; x_wconf 67' lang='lat' dir='ltr'>l&#39;ecbcnn</span> <span class='ocrx_word' id='word_1_147' title='bbox 1298 3167 1407 3224; x_wconf 62' lang='lat' dir='ltr'>incutit.</span> 
     </span>
    </p>
   </div>
   <div class='ocr_carea' id='block_1_11' title="bbox 306 3358 1413 4502">
    <p class='ocr_par' dir='ltr' id='par_1_12' title="bbox 306 3358 1413 4502">
     <span class='ocr_line' id='line_1_26' title="bbox 349 3358 1407 3438; baseline -0.001 -22"><span class='ocrx_word' id='word_1_148' title='bbox 349 3361 394 3418; x_wconf 75' lang='lat'>12.</span> <span class='ocrx_word' id='word_1_149' title='bbox 439 3358 590 3419; x_wconf 79' lang='lat' dir='ltr'>Probatur</span> <span class='ocrx_word' id='word_1_150' title='bbox 612 3377 631 3419; x_wconf 86' lang='lat'>1.</span> <span class='ocrx_word' id='word_1_151' title='bbox 654 3359 882 3436; x_wconf 73' lang='lat' dir='ltr'>Pare-Quum</span> <span class='ocrx_word' id='word_1_152' title='bbox 899 3381 981 3419; x_wconf 78' lang='lat' dir='ltr'>mem¹</span> <span class='ocrx_word' id='word_1_153' title='bbox 996 3367 1061 3418; x_wconf 79' lang='lat' dir='ltr'>octo</span> <span class='ocrx_word' id='word_1_154' title='bbox 1077 3360 1228 3438; x_wconf 86' lang='lat' dir='ltr'>intelligit,</span> <span class='ocrx_word' id='word_1_155' title='bbox 1244 3359 1407 3420; x_wconf 81' lang='lat' dir='ltr'>intellectio</span> 
     </span>
     <span class='ocr_line' id='line_1_27' title="bbox 307 3455 1410 3536; baseline 0 -22"><span class='ocrx_word' id='word_1_156' title='bbox 307 3476 364 3514; x_wconf 89' lang='lat' dir='ltr'>non</span> <span class='ocrx_word' id='word_1_157' title='bbox 381 3455 460 3515; x_wconf 79' lang='lat' dir='ltr'>l&#39;ome</span> <span class='ocrx_word' id='word_1_158' title='bbox 475 3456 593 3534; x_wconf 81' lang='lat' dir='ltr'>prosilit</span> <span class='ocrx_word' id='word_1_159' title='bbox 606 3455 700 3516; x_wconf 82' lang='lat' dir='ltr'>sedin</span> <span class='ocrx_word' id='word_1_160' title='bbox 713 3469 965 3529; x_wconf 77' lang='lat' dir='ltr'>mememoratur,</span> <span class='ocrx_word' id='word_1_161' title='bbox 980 3470 1008 3517; x_wconf 87' lang='lat' dir='ltr'>et</span> <span class='ocrx_word' id='word_1_162' title='bbox 1024 3469 1123 3516; x_wconf 85' lang='lat' dir='ltr'>tumen</span> <span class='ocrx_word' id='word_1_163' title='bbox 1140 3477 1192 3536; x_wconf 86' lang='lat' dir='ltr'>per</span> <span class='ocrx_word' id='word_1_164' title='bbox 1206 3457 1301 3536; x_wconf 67' lang='lat' dir='ltr'>ipeum</span> <span class='ocrx_word' id='word_1_165' title='bbox 1317 3457 1410 3516; x_wconf 82' lang='lat' dir='ltr'>mani-</span> 
     </span>
     <span class='ocr_line' id='line_1_28' title="bbox 308 3551 1409 3632; baseline -0.002 -22"><span class='ocrx_word' id='word_1_166' title='bbox 308 3555 433 3612; x_wconf 75' lang='lat' dir='ltr'>festetur</span> <span class='ocrx_word' id='word_1_167' title='bbox 458 3563 487 3611; x_wconf 91' lang='lat' dir='ltr'>et</span> <span class='ocrx_word' id='word_1_168' title='bbox 512 3571 631 3630; x_wconf 75' lang='lat' dir='ltr'>prorsus</span> <span class='ocrx_word' id='word_1_169' title='bbox 659 3551 838 3613; x_wconf 84' lang='lat' dir='ltr'>describitur</span> <span class='ocrx_word' id='word_1_170' title='bbox 861 3563 952 3632; x_wconf 82' lang='lat' dir='ltr'>utque</span> <span class='ocrx_word' id='word_1_171' title='bbox 977 3551 1124 3612; x_wconf 81' lang='lat' dir='ltr'>idealibus</span> <span class='ocrx_word' id='word_1_172' title='bbox 1149 3552 1234 3632; x_wconf 69' lang='lat' dir='ltr'>quasi</span> <span class='ocrx_word' id='word_1_173' title='bbox 1259 3552 1409 3613; x_wconf 69' lang='lat' dir='ltr'>coloribus</span> 
     </span>
     <span class='ocr_line' id='line_1_29' title="bbox 306 3648 1408 3729; baseline -0.002 -19"><span class='ocrx_word' id='word_1_174' title='bbox 306 3649 467 3710; x_wconf 79' lang='lat' dir='ltr'>exhibetur</span> <span class='ocrx_word' id='word_1_175' title='bbox 480 3648 638 3728; x_wconf 89' lang='lat' dir='ltr'>objectum,</span> <span class='ocrx_word' id='word_1_176' title='bbox 650 3659 811 3729; x_wconf 88' lang='lat' dir='ltr'>utcumque</span> <span class='ocrx_word' id='word_1_177' title='bbox 824 3650 971 3723; x_wconf 82' lang='lat' dir='ltr'>dissitum,</span> <span class='ocrx_word' id='word_1_178' title='bbox 986 3649 1066 3729; x_wconf 91' lang='lat' dir='ltr'>quod</span> <span class='ocrx_word' id='word_1_179' title='bbox 1082 3670 1164 3709; x_wconf 82' lang='lat' dir='ltr'>mens</span> <span class='ocrx_word' id='word_1_180' title='bbox 1179 3649 1408 3728; x_wconf 80' lang='lat' dir='ltr'>contemplatur.</span> 
     </span>
     <span class='ocr_line' id='line_1_30' title="bbox 308 3743 1409 3825; baseline -0.001 -21"><span class='ocrx_word' id='word_1_181' title='bbox 308 3746 383 3805; x_wconf 83' lang='lat' dir='ltr'>Dixi</span> <span class='ocrx_word' id='word_1_182' title='bbox 398 3764 419 3804; x_wconf 93' lang='lat'>1.</span> <span class='ocrx_word' id='word_1_183' title='bbox 458 3743 626 3805; x_wconf 82' lang='lat' dir='ltr'>intellectio</span> <span class='ocrx_word' id='word_1_184' title='bbox 647 3765 705 3804; x_wconf 91' lang='lat' dir='ltr'>non</span> <span class='ocrx_word' id='word_1_185' title='bbox 721 3747 806 3824; x_wconf 77' lang='lat' dir='ltr'>sorae</span> <span class='ocrx_word' id='word_1_186' title='bbox 820 3747 959 3825; x_wconf 67' lang='lat' dir='ltr'>prosilit:</span> <span class='ocrx_word' id='word_1_187' title='bbox 980 3747 1052 3825; x_wconf 84' lang='lat' dir='ltr'>quie</span> <span class='ocrx_word' id='word_1_188' title='bbox 1073 3747 1137 3824; x_wconf 82' lang='lat' dir='ltr'>ipsa</span> <span class='ocrx_word' id='word_1_189' title='bbox 1151 3757 1195 3806; x_wconf 89' lang='lat' dir='ltr'>est</span> <span class='ocrx_word' id='word_1_190' title='bbox 1209 3756 1293 3806; x_wconf 81' lang='lat' dir='ltr'>actus</span> <span class='ocrx_word' id='word_1_191' title='bbox 1308 3745 1409 3806; x_wconf 79' lang='lat' dir='ltr'>ritulis</span> 
     </span>
     <span class='ocr_line' id='line_1_31' title="bbox 308 3841 1409 3921; baseline 0 -19"><span class='ocrx_word' id='word_1_192' title='bbox 308 3855 337 3904; x_wconf 90' lang='lat' dir='ltr'>ct</span> <span class='ocrx_word' id='word_1_193' title='bbox 351 3844 538 3913; x_wconf 77' lang='lat' dir='ltr'>immanens3</span> <span class='ocrx_word' id='word_1_194' title='bbox 560 3842 714 3921; x_wconf 90' lang='lat' dir='ltr'>proprium</span> <span class='ocrx_word' id='word_1_195' title='bbox 736 3853 837 3903; x_wconf 81' lang='lat' dir='ltr'>autem</span> <span class='ocrx_word' id='word_1_196' title='bbox 852 3855 896 3905; x_wconf 81' lang='lat' dir='ltr'>eet</span> <span class='ocrx_word' id='word_1_197' title='bbox 916 3843 1042 3904; x_wconf 77' lang='lat' dir='ltr'>actionis</span> <span class='ocrx_word' id='word_1_198' title='bbox 1059 3843 1160 3905; x_wconf 84' lang='lat' dir='ltr'>vitalis</span> <span class='ocrx_word' id='word_1_199' title='bbox 1174 3853 1204 3903; x_wconf 84' lang='lat' dir='ltr'>et</span> <span class='ocrx_word' id='word_1_200' title='bbox 1219 3841 1409 3903; x_wconf 78' lang='lat' dir='ltr'>immanentis</span> 
     </span>
     <span class='ocr_line' id='line_1_32' title="bbox 310 3937 1410 4019; baseline -0.001 -19"><span class='ocrx_word' id='word_1_201' title='bbox 310 3939 419 4018; x_wconf 86' lang='lat' dir='ltr'>perfici,</span> <span class='ocrx_word' id='word_1_202' title='bbox 433 3937 575 4017; x_wconf 90' lang='lat' dir='ltr'>compleri</span> <span class='ocrx_word' id='word_1_203' title='bbox 597 3958 632 3998; x_wconf 81' lang='lat' dir='ltr'>uc</span> <span class='ocrx_word' id='word_1_204' title='bbox 654 3939 807 3999; x_wconf 81' lang='lat' dir='ltr'>terminari</span> <span class='ocrx_word' id='word_1_205' title='bbox 823 3940 852 3999; x_wconf 92' lang='lat' dir='ltr'>in</span> <span class='ocrx_word' id='word_1_206' title='bbox 880 3941 944 4019; x_wconf 81' lang='lat' dir='ltr'>ipso</span> <span class='ocrx_word' id='word_1_207' title='bbox 970 3939 1160 4019; x_wconf 84' lang='lat' dir='ltr'>principi0‚a</span> <span class='ocrx_word' id='word_1_208' title='bbox 1185 3959 1243 4018; x_wconf 93' lang='lat' dir='ltr'>quo</span> <span class='ocrx_word' id='word_1_209' title='bbox 1268 3937 1410 4018; x_wconf 82' lang='lat' dir='ltr'>procedit.</span> 
     </span>
     <span class='ocr_line' id='line_1_33' title="bbox 309 4033 1409 4116; baseline -0.001 -20"><span class='ocrx_word' id='word_1_210' title='bbox 309 4037 352 4106; x_wconf 76' lang='lat' dir='ltr'>(S.</span> <span class='ocrx_word' id='word_1_211' title='bbox 368 4033 424 4095; x_wconf 87' lang='lat' dir='ltr'>Th.</span> <span class='ocrx_word' id='word_1_212' title='bbox 440 4055 488 4114; x_wconf 91' lang='lat' dir='ltr'>qq.</span> <span class='ocrx_word' id='word_1_213' title='bbox 506 4033 578 4095; x_wconf 92' lang='lat' dir='ltr'>DD.</span> <span class='ocrx_word' id='word_1_214' title='bbox 600 4057 627 4113; x_wconf 92' lang='lat' dir='ltr'>q.</span> <span class='ocrx_word' id='word_1_215' title='bbox 654 4037 680 4096; x_wconf 81' lang='lat'>8.</span> <span class='ocrx_word' id='word_1_216' title='bbox 707 4035 744 4096; x_wconf 92' lang='lat' dir='ltr'>de</span> <span class='ocrx_word' id='word_1_217' title='bbox 769 4035 907 4098; x_wconf 84' lang='lat' dir='ltr'>Veritute</span> <span class='ocrx_word' id='word_1_218' title='bbox 931 4057 958 4097; x_wconf 83' lang='lat' dir='ltr'>u.</span> <span class='ocrx_word' id='word_1_219' title='bbox 984 4038 1026 4115; x_wconf 83' lang='grc'>6.)</span> <span class='ocrx_word' id='word_1_220' title='bbox 1071 4036 1146 4096; x_wconf 85' lang='lat' dir='ltr'>Dixi</span> <span class='ocrx_word' id='word_1_221' title='bbox 1173 4055 1208 4097; x_wconf 88' lang='lat'>11.</span> <span class='ocrx_word' id='word_1_222' title='bbox 1232 4036 1290 4096; x_wconf 92' lang='lat' dir='ltr'>Per</span> <span class='ocrx_word' id='word_1_223' title='bbox 1315 4037 1409 4116; x_wconf 82' lang='lat' dir='ltr'>ipsam</span> 
     </span>
     <span class='ocr_line' id='line_1_34' title="bbox 311 4131 1409 4214; baseline 0.002 -23"><span class='ocrx_word' id='word_1_224' title='bbox 311 4131 492 4209; x_wconf 74' lang='lat' dir='ltr'>rrrouifeetori</span> <span class='ocrx_word' id='word_1_225' title='bbox 514 4131 660 4210; x_wconf 85' lang='lat' dir='ltr'>objectum.</span> <span class='ocrx_word' id='word_1_226' title='bbox 704 4133 794 4212; x_wconf 79' lang='lat' dir='ltr'>Quod</span> <span class='ocrx_word' id='word_1_227' title='bbox 823 4134 943 4214; x_wconf 91' lang='lat' dir='ltr'>quidem</span> <span class='ocrx_word' id='word_1_228' title='bbox 968 4135 1155 4214; x_wconf 78' lang='lat' dir='ltr'>experientia</span> <span class='ocrx_word' id='word_1_229' title='bbox 1178 4144 1310 4194; x_wconf 82' lang='lat' dir='ltr'>constat:</span> <span class='ocrx_word' id='word_1_230' title='bbox 1342 4153 1409 4194; x_wconf 91' lang='lat' dir='ltr'>cum</span> 
     </span>
     <span class='ocr_line' id='line_1_35' title="bbox 309 4226 1411 4308; baseline 0 -20"><span class='ocrx_word' id='word_1_231' title='bbox 309 4227 387 4288; x_wconf 90' lang='lat' dir='ltr'>enirn</span> <span class='ocrx_word' id='word_1_232' title='bbox 405 4249 433 4288; x_wconf 93' lang='lat' dir='ltr'>v.</span> <span class='ocrx_word' id='word_1_233' title='bbox 449 4249 476 4305; x_wconf 89' lang='lat' dir='ltr'>g.</span> <span class='ocrx_word' id='word_1_234' title='bbox 500 4226 647 4306; x_wconf 79' lang='lat' dir='ltr'>plantum,</span> <span class='ocrx_word' id='word_1_235' title='bbox 663 4239 716 4289; x_wconf 87' lang='lat' dir='ltr'>uut</span> <span class='ocrx_word' id='word_1_236' title='bbox 737 4230 930 4302; x_wconf 67' lang='lat' dir='ltr'>animabant</span> <span class='ocrx_word' id='word_1_237' title='bbox 951 4230 1103 4290; x_wconf 92' lang='lat' dir='ltr'>homiuem</span> <span class='ocrx_word' id='word_1_238' title='bbox 1125 4227 1325 4308; x_wconf 59' lang='lat' dir='ltr'>intelligimur</span> <span class='ocrx_word' id='word_1_239' title='bbox 1348 4229 1411 4308; x_wconf 88' lang='lat' dir='ltr'>ipso</span> 
     </span>
     <span class='ocr_line' id='line_1_36' title="bbox 312 4322 1413 4405; baseline 0.001 -21"><span class='ocrx_word' id='word_1_240' title='bbox 312 4322 521 4384; x_wconf 86' lang='lat' dir='ltr'>intellectionis</span> <span class='ocrx_word' id='word_1_241' title='bbox 536 4335 616 4396; x_wconf 77' lang='lat' dir='ltr'>actu,</span> <span class='ocrx_word' id='word_1_242' title='bbox 628 4345 716 4403; x_wconf 91' lang='lat' dir='ltr'>quem</span> <span class='ocrx_word' id='word_1_243' title='bbox 731 4325 822 4399; x_wconf 86' lang='lat' dir='ltr'>ellcis‚</span> <span class='ocrx_word' id='word_1_244' title='bbox 837 4325 1061 4405; x_wconf 78' lang='lat' dir='ltr'>quodammodo</span> <span class='ocrx_word' id='word_1_245' title='bbox 1077 4325 1150 4404; x_wconf 84' lang='lat' dir='ltr'>legis</span> <span class='ocrx_word' id='word_1_246' title='bbox 1165 4336 1194 4386; x_wconf 91' lang='lat' dir='ltr'>et</span> <span class='ocrx_word' id='word_1_247' title='bbox 1208 4325 1263 4386; x_wconf 89' lang='lat' dir='ltr'>tibi</span> <span class='ocrx_word' id='word_1_248' title='bbox 1279 4324 1413 4404; x_wconf 80' lang='lat' dir='ltr'>explices</span> 
     </span>
     <span class='ocr_line' id='line_1_37' title="bbox 312 4419 1405 4502; baseline -0.002 -19"><span class='ocrx_word' id='word_1_249' title='bbox 312 4420 458 4502; x_wconf 92' lang='lat' dir='ltr'>quidquid</span> <span class='ocrx_word' id='word_1_250' title='bbox 473 4421 511 4480; x_wconf 81' lang='lat' dir='ltr'>nd</span> <span class='ocrx_word' id='word_1_251' title='bbox 527 4419 658 4500; x_wconf 74' lang='lat' dir='ltr'>plantae,</span> <span class='ocrx_word' id='word_1_252' title='bbox 673 4421 721 4482; x_wconf 90' lang='lat' dir='ltr'>vel</span> <span class='ocrx_word' id='word_1_253' title='bbox 736 4421 826 4496; x_wconf 87' lang='lat' dir='ltr'>bruti,</span> <span class='ocrx_word' id='word_1_254' title='bbox 841 4422 889 4484; x_wconf 78' lang='lat' dir='ltr'>vel</span> <span class='ocrx_word' id='word_1_255' title='bbox 911 4422 1041 4482; x_wconf 87' lang='lat' dir='ltr'>hominis</span> <span class='ocrx_word' id='word_1_256' title='bbox 1064 4433 1221 4494; x_wconf 79' lang='lat' dir='ltr'>naturam,</span> <span class='ocrx_word' id='word_1_257' title='bbox 1237 4433 1292 4482; x_wconf 82' lang='lat' dir='ltr'>aut</span> <span class='ocrx_word' id='word_1_258' title='bbox 1305 4431 1405 4501; x_wconf 76' lang='lat' dir='ltr'>partes</span> 
     </span>
    </p>
   </div>
   <div class='ocr_carea' id='block_1_12' title="bbox 0 0 1602 4948">
    <p class='ocr_par' dir='ltr' id='par_1_13' title="bbox 0 0 1602 4948">
     <span class='ocr_line' id='line_1_38' title="bbox 0 0 1602 4948; baseline 0 0"><span class='ocrx_word' id='word_1_259' title='bbox 0 0 1602 4948; x_wconf 95' lang='lat' dir='ltr'> </span> 
     </span>
    </p>
   </div>
  </div>
 </body>
</html>
