3118 4956
446 437 490 496 De
517 437 612 497 Tertia
637 437 743 498 Mentis
770 435 950 515 Operatione.
1188 433 1246 494 235

137 633 259 706 sionem,
273 653 325 694 seu
342 635 526 711 principiam
548 639 644 710 palere
658 631 777 692 dieitur.
820 631 949 708 Quodsi
973 629 1151 710 praemissae
1174 641 1245 690 sunt

141 730 304 792 imarediate
326 739 418 803 antae,
440 730 487 791 vel
509 731 584 791 aliae
597 731 753 809 probatae,
775 731 822 791 vel
847 731 883 791 ab
907 731 1072 790 adversario
1094 751 1246 800 concanae

144 839 216 888 tune
236 827 373 907 equidem
397 827 575 908 principium
599 849 656 889 nan
681 829 800 907 petitur,
814 829 863 888 sed
886 829 1066 907 imponitur:
1103 828 1152 888 Ad
1168 829 1246 888 hane

145 924 298 986 litllaeiam
315 936 471 986 revocatur
485 927 609 986 circulus
621 927 738 987 aitiosm
753 925 918 1004 (n.1l29.).-
1215 921 1219 927 ’

164 1020 254 1082 ,Ηιιο
268 1022 392 1082 fallacia
406 1023 531 1083 usisunt
551 1023 720 1100 saepissime
741 1022 898 1082 haeretici:
921 1023 1059 1101 exemplo
1071 1023 1111 1084 sit
1133 1022 1244 1082 Luthe

145 1139 203 1191 rus,
217 1121 269 1198 qui
285 1119 387 1180 volens
401 1120 543 1199 probare:
566 1125 669 1180 “suam
690 1119 858 1179 doctrinam
873 1139 934 1178 esso
947 1119 985 1179 de
999 1118 1081 1178 coelo
1090 1117 1116 1190 ;”
1137 1117 1244 1178 scribe·

144 1218 196 1276 bat
210 1217 248 1276 ad
265 1217 378 1296 Regem
394 1217 541 1295 Angliae:
564 1221 679 1277 “certus
699 1237 766 1276 sum
780 1210 922 1295 dogmata
944 1235 1010 1275 mea
1024 1235 1071 1275 me
1086 1215 1195 1275 habere
1208 1215 1246 1274 de

31 1351 35 1358 -
142 1312 255 1374 coelo.”
286 1312 361 1374 Item
377 1313 532 1386 Calvinus,
546 1315 597 1392 qui
614 1325 647 1373 ut
661 1313 781 1392 probet:
798 1312 991 1373 “Pontificem
1004 1331 1065 1372 esse
1079 1311 1245 1373 Antichris-

145 1421 209 1470 tum
222 1409 249 1481 ;”
271 1411 404 1482 assumit,
419 1422 573 1490 tamquam
596 1430 782 1470 concessum:
805 1408 999 1469 “Pontificem
1021 1409 1078 1469 sibi
1103 1428 1245 1488 usurpare

146 1507 287 1566 honorem
303 1492 423 1568 Christo
437 1507 591 1579 debitum3
615 1527 692 1568 nove
705 1517 893 1567 sacramenta
908 1506 1077 1574 instituere;
1100 1505 1148 1566 vel
1163 1505 1245 1566 insti-

146 1613 212 1663 tuta
235 1604 451 1683 corrumpere.”
495 1604 654 1679 Quomodo
682 1603 738 1663 hoc
761 1602 889 1681 probat?
911 1603 1012 1662 videat
1037 1604 1107 1680 ipso,
1122 1603 1246 1663 videant

145 1701 237 1778 ipsius
250 1700 386 1760 asseclae.

650 1797 688 1857 N.
711 1796 749 1856 V.

487 1992 535 2051 De
550 1992 682 2052 Fallacia
702 1991 910 2071 Ooaseqaeatr'o.

189 2187 256 2246 271.
307 2185 493 2266 Goaoeqaeno,
509 2198 598 2266 prout
621 2187 670 2246 hic
682 2187 819 2258 sumitur,
834 2197 878 2247 est
902 2187 941 2258 id,
956 2187 1037 2264 quod
1058 2186 1193 2264 sequitur
1207 2187 1245 2246 ad

146 2285 314 2344 aaoeeedeao
328 2284 358 2343 in
379 2284 585 2363 propositione
607 2283 811 2344 conditionali.
855 2283 910 2343 Est
924 2303 994 2361 ergo
1010 2282 1135 2360 fallacia
1155 2303 1247 2342 cotue·

145 2383 259 2460 queatis
266 2403 276 2450 ‚·
299 2381 452 2460 “deceptio
466 2381 643 2459 proveniens
656 2401 694 2440 ex
708 2400 751 2452 eo,
766 2379 845 2458 quod
860 2397 1040 2457 consequeus
1053 2378 1243 2438 existimatur

144 2497 200 2538 este
214 2480 330 2538 omnino
344 2477 421 2538 idern
435 2497 504 2536 curn
525 2477 718 2538 antecedente
728 2477 753 2548 ;”
775 2496 810 2536 ac
825 2475 950 2554 proinde
967 2475 1157 2535 existimatur
1170 2483 1247 2536 ante

143 2573 244 2634 cedam
257 2575 332 2634 effici
348 2595 382 2634 ea·
395 2581 578 2654 coaaeqaeale
585 2595 596 2644 ;
631 2573 679 2634 vel
694 2595 727 2632 aa
741 2574 867 2651 oppoeito
877 2572 1068 2632 ardeaedenlia
1078 2572 1153 2631 effici
1164 2593 1247 2651 appo

143 2673 230 2730 adam
251 2673 460 2750 cormeqaealir3
482 2669 733 2748 quemadmodum
755 2689 925 2749 consequens
945 2669 1074 2729 efficitur
1087 2677 1247 2729 emaateoe

137 2767 242 2839 danim
263 2781 293 2828 et
306 2789 340 2828 aa
361 2771 487 2846 opposito
510 2769 702 2848 amseqaeatis
725 2767 852 2828 efficitur
877 2770 1035 2845 oppositam
1058 2767 1249 2828 comedente

146 2865 210 2940 (ιιιι.
227 2865 294 2924 221.
311 2865 403 2936 237.).
450 2865 547 2926 &aaa
560 2867 751 2943 apparentiae
764 2865 794 2923 in
810 2865 867 2924 hac
880 2863 1003 2924 fallacia
1017 2875 1076 2925 est:
1088 2867 1245 2926 “eonveni-

144 2961 225 3020 entia
249 2961 451 3022 antecedentis
474 2971 504 3022 et
529 2961 733 3041 consequentis
742 2961 768 3020 :”
790 2981 878 3022 carrea
904 2981 973 3022 vero
997 2983 1057 3022 aaa
1081 2965 1247 3024 existentiae

143 3067 205 3116 est:
228 3056 403 3118 “diversitas
417 3058 617 3120 eorumdem.'’
684 3103 687 3114 .

187 3154 288 3234 Hujus
302 3154 440 3216 fallaciae
455 3155 515 3215 duo
524 3165 595 3215 sunt
610 3154 860 3216 modi—Primus
872 3156 976 3216 modus
987 3156 1121 3234 procedit
1130 3177 1168 3216 ex
1180 3178 1247 3218 con-

145 3253 320 3331 sequutione
343 3253 438 3330 magis
452 3253 618 3312 eommunis
632 3252 671 3312 ad
687 3251 956 3311 minuseommune
970 3251 1047 3329 (sive
1061 3253 1157 3332 magis
1170 3275 1246 3315 com-

145 3369 235 3410 mune
247 3351 287 3410 sit
300 3371 400 3427 penae,
414 3351 477 3410 sive
487 3349 649 3426 aocideaa):
668 3369 694 3408 v.
710 3370 737 3427 g.
750 3349 792 3408 “si
807 3348 879 3427 quid
891 3359 934 3408 est
944 3367 1046 3427 equus,
1057 3360 1102 3408 est
1114 3350 1244 3411 animal:

143 3447 230 3526 atqui
244 3457 276 3507 tu
292 3467 322 3507 es
336 3446 467 3507 animal:
489 3467 560 3525 ergo
574 3467 666 3526 equus
680 3447 705 3517 ;''
728 3446 806 3506 idem
823 3445 895 3504 acsi
912 3445 1057 3506 dicerem:
1080 3447 1162 3522 “Qui
1173 3447 1246 3508 dicit

145 3558 172 3605 te
186 3565 247 3605 esse
271 3545 394 3616 animal,
404 3565 513 3606 -vernm
528 3545 620 3604 dicit:
643 3544 694 3624 qni
708 3544 783 3604 dicit
803 3563 913 3622 equum
928 3563 989 3604 esse
1003 3543 1126 3618 animal,
1141 3565 1244 3606 verum

143 3641 236 3712 dicit;
257 3661 329 3720 ergo
343 3643 394 3720 qui
409 3641 483 3702 dicit
497 3651 526 3701 te
540 3662 599 3702 esse
620 3661 739 3720 equum,
756 3660 858 3700 verum
881 3639 990 3700 dicit:’'
1011 3641 1101 3714 item;
1123 3643 1164 3702 “si
1180 3643 1246 3722 quis

139 3735 187 3798 'est
209 3736 267 3808 fur,
282 3748 363 3797 errat
385 3737 423 3796 de
446 3749 546 3798 noete:
569 3737 652 3815 atqui
676 3746 707 3796 tu
724 3755 804 3796 erras
818 3735 856 3796 de
878 3746 979 3796 nocte:
1001 3755 1072 3816 ergo
1085 3757 1115 3798 aa
1129 3738 1246 3798 fur.''-

141 3833 297 3894 Secundm
311 3835 416 3894 modus
430 3845 482 3906 eet,
493 3833 615 3912 quando
628 3833 800 3912 proceditur
812 3853 832 3892 a
846 3833 1055 3912 consequentia
1065 3835 1192 3913 oppositi
1206 3836 1245 3895 ad

140 3929 267 3990 similem
290 3930 530 4008 consequentiam
545 3930 577 3988 in
591 3928 651 3989 alio
666 3930 817 4008 opposito:
840 3949 867 3990 v.
882 3951 909 4007 g.
952 3928 1002 3990 “Si
1017 3930 1089 4007 quid
1104 3940 1148 3991 est
1160 3951 1245 4010 gene·

145 4039 254 4100 ratum,
280 4011 381 4088 habet¹
395 4027 596 4107 principium:
618 4027 720 4087 anima
745 4047 804 4087 ιιοιι
829 4037 873 4086 est
896 4037 1056 4105 generata:
1088 4047 1159 4106 ergo
1184 4049 1243 4090 non

148 4123 240 4185 habet
253 4123 452 4204 principium:
473 4125 524 4185 sed
538 4143 654 4202 semper
668 4123 753 4184 faits

187 4219 249 4282 Hie
262 4230 381 4281 tantum
397 4219 561 4281 notandum
578 4219 707 4280 occurrit
728 4219 807 4280 hane
829 4219 980 4280 fallaciam
1008 4220 1154 4281 contineri
1176 4243 1246 4301 quo·

143 4316 305 4377 dammodo
318 4315 371 4376 aab
387 4315 513 4394 fallacia
535 4315 689 4379 madenia
711 4317 753 4394 (1.
778 4316 903 4377 Elench.
927 4317 985 4393 5.):
1007 4336 1077 4377 nam
1090 4317 1243 4398 ,quicquid
