3138 4956
821 419 939 496 mom.

327 635 403 692 quae
417 616 539 693 proprie
552 614 673 674 illorum
688 623 741 686 est,
752 635 810 674 non
822 635 860 674 ex
875 613 977 692 aliquo
990 613 1096 686 medio,
1106 613 1156 673 sed
1169 634 1207 673 ex
1222 615 1288 692 ipso
1297 614 1425 674 naturali

327 710 440 770 lumine
452 711 616 770 immediate
629 713 771 782 nascitur,
786 712 908 790 cognita
921 721 1122 770 extremorum
1135 710 1363 789 significatione,
1376 733 1423 771 seo

327 807 448 866 ratione.
491 807 621 886 Agimus
635 819 735 868 autem
751 809 788 868 de
810 808 965 886 principiis
983 809 1092 886 primis
1106 819 1135 868 et
1157 809 1340 881 immediatis,
1356 831 1422 870 nam

326 903 349 960 si
364 903 425 962 sint
438 903 578 976 mediate,
592 914 681 964 erunt
695 904 896 964 conclusiones
910 905 1140 978 demonstratae,
1150 905 1187 965 de
1200 905 1310 984 quibus
1324 906 1424 966 cedern

326 1002 379 1059 erit
397 1001 482 1072 ratio,
493 1021 570 1080 quae
584 1002 621 1061 de
633 1001 771 1062 omnibus
782 1002 850 1061 aliis
859 1001 1046 1074 veritatibus,
1057 1021 1134 1079 quae
1145 1023 1164 1060 a
1175 1002 1272 1079 priori
1284 1001 1431 1062 sciuntur.

366 1096 466 1174 Igitur
479 1091 716 1158 nce'immediotc
737 1097 887 1176 principia
901 1117 953 1176 per
967 1118 998 1158 se
1012 1108 1231 1177 cognoscuntur
1247 1119 1300 1177 per
1313 1100 1426 1177 experi-

325 1195 446 1267 entiam,
470 1207 625 1274 tamqnam
645 1215 701 1272 per
719 1197 875 1273 proprium
897 1195 1045 1266 medium
1075 1195 1131 1254 hoc
1153 1195 1230 1254 enirn
1256 1195 1345 1254 modo
1368 1215 1425 1256 non

325 1304 571 1371 cognoscerentur
598 1301 634 1352 ut
666 1292 825 1371 principia,
852 1291 902 1352 sed
931 1303 967 1352 ut
993 1291 1196 1352 conclusiones
1223 1315 1242 1350 o
1274 1295 1428 1370 posteriori

324 1389 544 1449 demonstratae
568 1398 599 1448 et
621 1389 713 1449 scitae
737 1408 790 1466 per
813 1387 967 1477 scientiam
993 1389 1084 1467 quim·
1116 1399 1150 1448 ut
1173 1388 1215 1448 sic
1240 1400 1340 1448 autern
1368 1409 1424 1448 non

326 1498 444 1564 possent
465 1507 526 1546 cese
548 1485 726 1546 sufficientia
748 1485 785 1545 ad
809 1484 1010 1563 generandam
1034 1485 1187 1545 scientiam
1207 1491 1333 1562 propter
1357 1485 1426 1564 qaid

325 1583 530 1656 conclusionis,
541 1583 612 1662 quie
627 1603 685 1642 non
701 1593 798 1660 potest
809 1602 898 1642 causa
913 1581 1089 1642 nobiliorem
1102 1581 1237 1642 effectum
1254 1581 1425 1659 producere

325 1699 415 1756 quern
440 1680 506 1758 ipsa
518 1680 564 1740 sit.
608 1679 803 1758 Relinquitur
826 1699 897 1756 ergo
911 1678 1127 1757 experientiam
1149 1677 1246 1737 solum
1262 1677 1374 1756 requiri
1388 1680 1424 1738 ad

324 1778 486 1846 scientiam,
503 1789 537 1836 ut
559 1776 728 1837 intellectus
742 1785 840 1836 noster
862 1795 916 1854 per
929 1795 994 1834 earn
1017 1774 1238 1836 monodrreotnr
1258 1775 1297 1834 ad
1321 1775 1429 1836 intelli-

325 1874 437 1950 gendas
462 1884 568 1934 exacte
580 1875 707 1932 rationes
721 1872 908 1932 terminorum
929 1872 1112 1948 simplicium,
1127 1871 1236 1950 quibus
1258 1871 1427 1936 intellectis.

324 1973 385 2049 ipse
396 1973 529 2030 notter-oli
539 1971 649 2030 lumine
659 1990 711 2028 erto
721 1969 805 2028 videt
815 1969 894 2029 clare
906 1967 1102 2028 immediatam
1112 1971 1316 2029 corrneeimrem
1323 1989 1424 2029 comm

325 2070 400 2128 inter
414 2089 453 2141 se,
467 2089 545 2146 quae
558 2053 602 2128 esi
618 2069 720 2145 primo
734 2077 763 2126 et
776 2069 864 2126 unica
879 2067 956 2126 ratic
978 2065 1157 2126 assentiendi
1171 2067 1270 2146 ipsis.’‘
1313 2066 1425 2127 Sueten

326 2167 413 2242 (Met.
430 2167 468 2226 D.
485 2169 510 2226 1.
526 2188 547 2226 s.
563 2166 589 2226 6.
605 2185 633 2224 n.
649 2163 839 2242 top—conr:
856 2165 920 2240 (un.
937 2164 1003 2224 330.
1020 2163 1094 2242 seq.)

762 2377 913 2430 QUAER'.
943 2377 977 2418 11.

493 2557 545 2616 Art
565 2558 627 2616 sime
648 2558 825 2632 reperientio
845 2517 965 2614 edentia
984 2556 1121 2632 penerori
1139 2557 1254 2632 pontit

364 2755 430 2814 370.
473 2752 646 2830 Respondet
669 2751 824 2812 Suaresins
839 2750 857 2810 l.
874 2773 897 2811 o.
940 2751 1093 2827 “Quidam
1109 2751 1173 2810 sine
1198 2752 1382 2812 restrictione
1395 2767 1423 2810 et

322 2849 458 2910 absolute
472 2859 581 2929 putant
594 2850 808 2928 experientiam
820 2852 1021 2928 propriissime
1034 2859 1184 2928 sumptam
1200 2871 1261 2910 esse
1274 2853 1425 2910 Μωυσή-

323 2969 369 3006 om
384 2949 423 3006 ad
437 2947 602 3020 scientiam,
617 2947 665 3008 vel
680 2957 773 3007 artem
791 2969 824 3004 ee
841 2957 928 3025 perte
945 2947 1059 3026 judicii
1083 2947 1310 3026 principiorum,
1325 2947 1367 3006 ita
1390 2963 1423 3004 ut

323 3063 486 3122 numquam
509 3041 638 3104 sufficiat
659 3043 755 3114 unius,
771 3043 819 3102 vel
833 3043 958 3103 alterius
978 3043 1139 3122 singularis
1160 3043 1291 3122 cognitio
1311 3043 1423 3122 experi-

324 3140 470 3213 mentalis,
485 3139 535 3200 sed
558 3139 756 3209 necessarium
771 3140 811 3199 sit
825 3139 921 3199 multe
943 3139 1072 3219 experiri
1087 3149 1117 3199 et
1131 3139 1265 3199 conferre
1278 3149 1309 3199 et
1322 3140 1422 3198 omnia

323 3237 488 3296 conformia
502 3249 532 3296 et
544 3237 608 3298 siue
621 3237 791 3297 discrimine
808 3237 942 3316 reperire
984 3235 1065 3296 Nam
1078 3247 1239 3315 antequam
1256 3237 1423 3296 intellectus

322 3355 438 3393 ornnem
461 3335 539 3393 lianc
561 3333 748 3412 diligentiam
773 3333 925 3405 adhibeat,
940 3353 999 3393 non
1022 3343 1118 3412 potest
1142 3333 1223 3392 omni
1246 3333 1424 3394 certitudine

322 3430 453 3490 naturali
468 3431 618 3501 assentire,
633 3439 722 3508 prout
736 3432 765 3489 in
780 3432 884 3508 primir
893 3431 1052 3508 principiis
1063 3429 1260 3490 necessarium
1274 3439 1336 3490 est:
1352 3431 1420 3508 quia

325 3547 392 3586 cum
408 3527 504 3604 ipsum
520 3525 620 3586 lumen
643 3525 811 3587 intellectus
831 3526 924 3586 nostri
938 3525 977 3586 sit
990 3525 1141 3586 infirmum
1157 3537 1188 3586 et
1208 3525 1424 3604 imperfectum.

321 3625 376 3682 nisi
387 3626 510 3702 juvetur
525 3624 709 3700 imperiectio,
724 3623 812 3684 facile
826 3623 1008 3683 hallucinari
1023 3633 1136 3702 potest;
1157 3624 1235 3684 sient
1248 3643 1265 3683 e
1280 3643 1422 3684 converso

321 3724 385 3800 ipsa
400 3723 489 3781 etiam
505 3720 690 3799 experientia
699 3739 754 3796 per
768 3740 797 3780 se
810 3720 906 3791 fallax
921 3733 973 3792 est,
988 3721 1044 3779 nisi
1060 3719 1228 3781 intellectus
1242 3741 1296 3780 suo
1311 3720 1423 3780 lumine

321 3819 459 3897 invigilet
472 3818 510 3878 ed
527 3817 655 3876 rationes
669 3836 777 3886 rerum,
789 3823 819 3876 et
832 3817 1046 3876 connexionem
1061 3817 1256 3875 terminorum
1272 3817 1303 3875 iu
1314 3837 1345 3876 se
1360 3819 1423 3894 ipsu

322 3917 495 3975 intuendam
499 3961 618 3974 ......

361 4011 586 4072 “Nihilominus
608 4011 631 4068 si
655 4011 692 4069 de
714 4011 900 4087 experientia
917 4010 1039 4087 proprie
1062 4009 1143 4068 dicte
1165 4008 1205 4068 sit
1227 4029 1333 4078 senno,
1350 4009 1422 4067 mihi

321 4109 440 4168 videtur
453 4108 634 4168 dmimrorre
647 4105 797 4178 utendum,
808 4116 870 4166 tarn
885 4107 918 4164 irr
928 4108 1087 4184 principiis
1097 4109 1176 4184 ipris,
1188 4125 1279 4185 quem
1293 4107 1329 4164 iri
1341 4107 1425 4166 modo

320 4205 491 4284 acquirendi
503 4204 665 4265 scientiam.
710 4203 794 4276 Dixi,
810 4205 847 4263 de
861 4205 1045 4283 experientia
1055 4205 1176 4282 proprie
1190 4203 1272 4264 dicta
1286 4249 1294 4262 .
1310 4250 1317 4264 .
1334 4205 1423 4281 ,quin

318 4303 342 4360 si
357 4303 520 4379 generatim
536 4311 644 4380 agatur
658 4303 695 4360 de
709 4321 899 4380 quacumque
918 4301 1050 4361 sensibili
1065 4301 1234 4380 cognitione
1255 4301 1419 4360 neomenia
