3118 4956
339 431 397 493 272
833 437 952 515 Lopiou.

339 647 376 686 ex
391 628 448 688 hac
463 628 660 707 regredientes
674 629 713 690 ad
727 629 862 690 ordinem
873 630 988 702 mundi,
1003 629 1099 690 multo
1113 629 1272 709 perfectius
1286 650 1437 708 oognoeoe
1537 665 1538 668 η

339 746 405 784 mus
420 727 595 787 varietatem
608 736 638 788 et
660 727 815 801 unitatem,
829 749 907 808 quae
921 729 952 788 iu
974 727 1086 788 mundo
1109 729 1220 807 vigent.
1262 728 1321 789 Sed
1336 728 1373 788 de
1386 728 1440 800 his,

340 820 442 882 uiride
463 823 692 902 exenrplarismo
716 825 850 904 quaestio
864 825 930 899 erit,
951 825 1117 904 loquemur.
1159 826 1205 886 Of.
1220 825 1287 887 Tol.
1301 825 1345 904 (1.
1361 825 1437 886 Post

341 916 430 978 Auel.
445 939 510 997 cap.
526 919 553 979 3.
568 941 595 998 q.
613 921 653 997 1.)

381 1113 465 1174 Droo
492 1113 681 1176 Ill-Recte
702 1115 840 1196 definitur
862 1139 880 1176 o
901 1118 1074 1197 Philosoplro
1097 1119 1300 1178 demonstratio
1323 1125 1442 1196 propter

339 1211 428 1290 quid:
451 1211 653 1290 “Sylloywmm
670 1214 829 1291 procedens
843 1237 876 1275 ea
899 1217 981 1290 ueris,
1005 1218 1182 1287 massariis,
1201 1237 1259 1294 per
1278 1237 1315 1287 aa,
1326 1216 1439 1293 primu,

336 1310 475 1386 propriis,
484 1330 541 1388 par
554 1330 583 1370 sa
596 1311 679 1383 rtott'a,
693 1311 867 1372 immediatae
881 1319 907 1372 et
921 1316 1015 1373 enuere
1028 1314 1226 1374 conclusionis

380 1503 447 1563 314.
490 1505 642 1580 Quoniam
672 1505 745 1565 haee
772 1505 986 1566 demonstratio
1022 1507 1184 1586 praecipua
1211 1517 1256 1567 est
1282 1507 1378 1584 deque
1405 1527 1439 1565 ea

339 1599 507 1679 saepissime
518 1599 682 1680 loquuntur
692 1610 803 1662 veteres
814 1612 844 1662 et
858 1602 922 1682 ipsa
936 1602 1141 1681 pot-issimaest
1155 1603 1186 1662 in
1196 1603 1336 1674 scientiis,
1347 1602 1441 1662 funins
1537 1671 1538 1688 χ

341 1699 370 1757 in
383 1719 418 1758 ea
429 1699 610 1777 explicanda
620 1701 774 1760 immorari
783 1700 890 1779 placet.
909 1701 968 1761 Sed
980 1701 1010 1760 in
1022 1711 1204 1762 antecessum
1217 1701 1364 1780 quaedam
1378 1721 1442 1780 par-

341 1796 450 1856 ticulae
463 1807 533 1857 suut
547 1796 760 1857 declarandae:
775 1817 820 1857 so:
830 1818 887 1876 por
896 1819 934 1870 sa,
943 1799 1051 1875 primo,
1061 1801 1226 1876 proprium,
1237 1799 1442 1868 immediatam,
1537 1807 1538 1828 ¹

338 1914 392 1970 per
404 1913 433 1952 ae
446 1900 563 1952 notum:
584 1893 662 1954 aliae
675 1895 755 1954 enim
769 1915 806 1955 ex
829 1895 916 1956 dietis
937 1895 1156 1974 intelliguntur,
1171 1907 1201 1957 et
1215 1896 1244 1956 in
1267 1897 1441 1975 probatione

340 1990 506 2050 assertionis
520 1991 644 2052 ulterius
658 1991 900 2052 declarabuntur.

502 2087 628 2167 Itaquez

353 2233 355 2240 .
381 2183 448 2242 315.
491 2182 616 2243 I.—Par
629 2205 657 2244 aa
681 2195 811 2264 quatuor
825 2186 920 2246 modis
942 2186 1223 2247 dirime—Primus
1245 2187 1369 2246 modus:
1389 2208 1441 2264 per

226 2349 231 2358 .
341 2279 524 2340 indicuntur
544 2281 581 2356 de
595 2280 726 2360 subjecto
749 2283 931 2360 praedicata,
946 2303 1022 2362 quae
1043 2293 1114 2344 sunt
1127 2283 1164 2342 de
1179 2283 1346 2362 definitione
1360 2283 1441 2363 quid·

341 2377 463 2436 ditatiua
488 2375 628 2456 subjecti:
650 2378 692 2438 sio
717 2378 796 2442 linea
814 2400 872 2457 per
895 2399 923 2439 aa
937 2380 974 2438 de
998 2379 1150 2458 triangulo
1175 2379 1295 2451 dieitur,
1310 2399 1380 2438 nam
1406 2379 1441 2437 de

342 2475 432 2551 ipsius
459 2472 631 2534 delinitione
657 2485 709 2547 eat,
737 2475 883 2555 siquidem
913 2477 1095 2555 trinepotum
1123 2486 1182 2537 eat:
1205 2476 1321 2554 “ligura
1350 2477 1439 2556 plana

341 2573 432 2632 tribus
460 2573 543 2632 lineis
571 2573 766 2634 terminata:”
798 2574 936 2634 similitor
962 2585 1107 2653 punctum
1136 2587 1180 2634 est
1207 2573 1244 2634 de
1271 2573 1441 2634 definitione

343 2670 453 2740 lineam
474 2680 518 2728 est
531 2670 610 2729 enim
625 2671 722 2730 litteo:
743 2671 949 2750 “magnitudq
962 2671 1047 2750 cujus
1060 2681 1197 2730 extrema
1209 2679 1280 2730 sunt
1295 2680 1407 2748 puncta
1417 2669 1441 2727 :”

341 2767 534 2847 quamobrem
560 2769 599 2828 ad
623 2769 704 2830 huno
727 2769 849 2828 modurn
872 2769 1022 2848 pertinent
1044 2769 1146 2829 omnia
1167 2769 1350 2848 praedicata,
1364 2788 1439 2846 qnae

340 2873 409 2924 sunt
419 2863 466 2924 vel
478 2863 657 2943 definitiones
666 2865 877 2945 subjectorum,
888 2874 942 2925 aut
947 2872 1048 2943 portas
1058 2865 1267 2945 definitionum,
1279 2875 1313 2924 nt
1323 2883 1440 2943 genera,

341 2961 524 3021 differentiae
545 2981 707 3041 eorumque
729 2962 1031 3042 partes—Secundus
1053 2963 1159 3022 modus
1172 2973 1216 3022 est
1240 2981 1443 3040 eorumquae

340 3058 382 3118 sio
393 3057 494 3117 insunt
507 3055 655 3136 subjectis,
668 3068 701 3118 ut
711 3058 747 3118 de
760 3079 858 3118 eornm
868 3059 1035 3138 definitione
1047 3059 1109 3119 sint
1122 3059 1187 3137 ipsa
1196 3057 1331 3137 ntbjeota
1342 3057 1443 3135 quales

341 3163 410 3214 snut
428 3156 576 3232 passioneo
588 3153 797 3235 subjectorum,
813 3175 890 3234 qnae
907 3177 963 3234 par
976 3177 1005 3216 ae
1018 3157 1109 3216 ineeee
1122 3155 1281 3226 dicuntum
1305 3154 1443 3234 quemad·

343 3252 461 3311 modurn
480 3273 541 3329 par
554 3264 584 3311 ot
598 3255 694 3330 impar
707 3253 849 3312 dinuntur
863 3253 900 3313 de
915 3273 1039 3313 numero
1056 3275 1112 3330 per
1124 3274 1161 3324 so,
1176 3253 1287 3331 quippe
1303 3271 1440 3310 numems

350 3349 514 3409 includitur
529 3349 558 3407 in
574 3347 745 3408 definitione
759 3350 907 3428 ipsorum:
929 3351 1000 3410 item
1012 3371 1128 3408 curvum
1143 3361 1172 3409 et
1185 3355 1293 3408 reatum
1303 3347 1443 3408 dicuntur

342 3469 395 3526 per
408 3448 487 3507 aede
511 3448 599 3520 linea,
613 3449 685 3526 quia
702 3449 913 3525 perseipsum
935 3446 1031 3508 lineae
1045 3459 1075 3507 et
1098 3467 1228 3525 peream
1252 3445 1443 3514 deliniuntur,

344 3567 412 3606 narn
431 3551 536 3605 rectum
551 3557 613 3605 est:
629 3544 736 3616 “linea
751 3545 834 3624 eujus
848 3554 983 3605 extrema
997 3565 1055 3603 non
1071 3543 1266 3622 egrediuntur
1279 3561 1298 3601 a
1313 3541 1443 3602 medio:”

342 3663 459 3702 'mmmm
473 3652 530 3702 est:
547 3641 654 3714 “lineu‚
665 3643 749 3720 cujus
763 3651 897 3701 extrema
910 3640 1132 3720 egrediuntnra
1148 3638 1271 3699 medio.'’
1316 3637 1442 3697 Ponitur

343 3754 441 3800 autem
458 3739 488 3798 in
503 3759 604 3798 eornm
620 3738 792 3798 definitione
804 3737 969 3817 subjeetum,
984 3757 1043 3797 nou
1059 3747 1092 3796 ut
1107 3757 1176 3815 pars
1189 3755 1291 3795 eornm
1307 3733 1441 3794 essentia·

344 3835 388 3906 lis,
402 3835 452 3895 sad
476 3834 556 3913 quia,
571 3845 605 3894 ut
618 3834 661 3894 ait
675 3834 704 3894 S.
726 3833 875 3892 Thomas:
898 3839 1008 3912 “quum
1025 3855 1081 3892 mse
1094 3831 1257 3892 accidentis
1278 3829 1442 3910 dependeat

343 3952 359 3990 a
381 3929 521 4010 subjectu,
536 3941 661 4009 oportet,
677 3941 710 3990 ut
732 3919 874 4001 delinitio,
890 3950 966 4008 quoe
988 3931 1080 4009 ipdius
1103 3951 1159 3990 enea
1182 3928 1342 4007 signifieat,
1356 3929 1443 3988 couti·

343 4039 412 4088 neat
425 4027 454 4086 in
464 4048 495 4088 se
505 4026 689 4104 subjectum''
702 4027 765 4104 (De
778 4026 841 4105 Syl.
858 4026 944 4087 Dem.
959 4047 985 4086 o.
1002 4026 1131 4101 2.)-Ot'.
1142 4026 1234 4086 etiam
1243 4024 1383 4086 Toletum
1400 4025 1440 4102 (in

344 4129 368 4185 1.
383 4123 463 4186 Post
478 4146 502 4185 n.
518 4125 546 4184 4.
560 4145 588 4203 q.
606 4125 655 4201 l.).
698 4123 819 4184 Exinde
834 4122 956 4202 colliges
969 4123 1071 4184 omnia
1086 4123 1267 4202 praedium,
1288 4141 1367 4201 quae
1391 4141 1440 4180 nea

312 4241 320 4253 ·
341 4233 411 4280 sunt
424 4220 461 4280 de
474 4220 598 4300 subjecti
614 4221 793 4294 delinitione,
809 4241 862 4281 noo
876 4221 914 4281 de
924 4241 1052 4300 quorum
1066 4219 1238 4281 delinitione
1248 4231 1320 4280 sunt
1333 4219 1442 4298 subjan-

343 4331 383 4388 ω,
399 4337 457 4378 unu
475 4339 531 4395 par
543 4340 581 4390 aa,
601 4318 652 4378 sed
666 4339 719 4396 per
732 4317 863 4378 maidens
883 4316 1193 4378 dicuntum-Tertius
1215 4317 1321 4378 modus
1335 4329 1380 4378 nst
1389 4339 1441 4397 par
