3138 4956
442 447 489 508 De
516 448 611 508 Tertio
636 447 743 506 Manu
769 445 950 524 Operatione.
1187 445 1246 506 305

143 641 229 698 lem-ua
242 661 331 718 upana
345 649 374 700 et
387 641 429 701 sic
443 641 639 720 distinguitur
653 661 671 700 a
687 640 832 700 facultate
846 640 1039 713 intellectiva,
1050 661 1135 719 quae,
1146 651 1247 719 quate·

145 756 200 796 nus
223 738 383 814 potentiam
408 740 603 817 cognoscendi
626 739 708 811 dicit,
730 739 893 800 Intellectus
910 739 1056 818 possibilis
1077 739 1247 800 denomina-

146 833 255 890 tionem
270 833 389 911 areipit.
432 834 526 894 Porro
536 834 710 894 Intellectus
721 836 918 913 agensluman
928 835 1246 908 intellectualedicitur,

146 929 258 1007 qrtippe
272 929 472 990 illuminando
495 931 716 1010 phantasmata,
730 951 766 990 ea
788 930 861 991 facit
883 937 949 990 actu
972 929 1185 1010 intelligibilia,
1199 931 1247 992 de

143 1035 265 1102 srtmptn
283 1025 457 1104 metaphora
471 1047 490 1086 a
505 1026 619 1086 lumine
632 1025 861 1087 sensibili-Cf.
878 1025 946 1088 Lib.
961 1026 1149 1087 Conoscenna
1161 1027 1203 1105 (v.
1220 1028 1246 1088 2.
1361 1061 1364 1069 ·

144 1139 168 1178 c.
185 1120 213 1180 6.
228 1141 274 1180 na.
292 1123 316 1181 l.
332 1141 348 1180 e
363 1123 404 1198 2.)

186 1216 444 1280 Secunda—Hoc
458 1221 662 1280 intellectuale
684 1220 785 1280 lumen
809 1221 891 1292 facit,
906 1232 940 1280 ut
961 1241 1014 1282 nos
1035 1242 1247 1299 cognoscamus

146 1319 244 1395 prima
260 1319 415 1398 principia,
428 1319 628 1380 mediantibus
638 1320 801 1398 speciebus,
811 1339 886 1398 quus
900 1340 918 1380 a
931 1319 1121 1380 sensibilibus
1132 1340 1248 1398 reprae-

145 1415 362 1476 sentationibus
376 1417 524 1478 abstrahit
534 1441 546 1477 :·
563 1417 636 1478 haec
646 1427 745 1477 antem
763 1416 910 1495 principia
922 1415 952 1476 id
968 1425 1130 1494 praestant,
1146 1426 1179 1476 ut
1194 1435 1247 1476 nos

143 1512 338 1574 dormiamus
353 1514 382 1572 in
398 1514 600 1593 cognitionem
624 1515 797 1586 illationum,
812 1533 848 1573 ea
861 1511 1043 1592 applicando
1065 1513 1104 1572 ad
1119 1513 1247 1592 particu-

145 1611 221 1670 laria
232 1610 365 1688 arbjectc,
377 1611 424 1672 vel
439 1611 479 1672 ad
488 1611 702 1672 determinatas
715 1613 860 1684 materias,
869 1630 997 1689 quarum
1010 1611 1056 1671 vel
1072 1611 1246 1672 memoriam

143 1706 298 1778 habemus,
312 1707 360 1766 vel
376 1709 613 1786 experimentum
628 1709 780 1769 sumimus

190 1803 525 1884 'lertio-Hujusmodi
554 1825 642 1884 porto
667 1805 882 1884 principiorum
907 1804 1063 1882 applicatio
1086 1803 1247 1883 dupliciter

147 1901 212 1962 fieri
231 1912 326 1980 petest
340 1902 378 1961 ab
401 1902 535 1962 homine:
557 1901 606 1962 vel
622 1905 746 1980 proprio
766 1909 858 1960 morte
870 1911 901 1961 et
919 1901 983 1962 sine
1002 1901 1142 1961 exteriori
1164 1901 1246 1981 adju·

145 2009 262 2070 mantn3
285 1999 331 2060 vel
354 1999 520 2078 adjumento
533 2010 564 2060 et
584 2000 739 2059 directione
763 1998 914 2058 Ducentis
955 1996 993 2056 In
1016 1997 1197 2076 primocasu
1212 1997 1247 2059 fit

142 2115 296 2174 precamus
319 2096 348 2155 in
363 2096 517 2156 scientiam
536 2117 593 2174 per
606 2097 681 2155 niam
703 2096 886 2166 incusationis,
901 2095 931 2152 in
944 2093 1075 2154 meando
1093 2113 1149 2171 per
1162 2093 1245 2154 duct

141 2191 308 2267 plisnam.-

185 2287 424 2364 Quamne-Hoc
445 2299 544 2350 antem
570 2289 779 2368 Magisterium
796 2290 860 2367 (seu
882 2288 1007 2349 directio
1020 2297 1051 2348 et
1063 2289 1244 2368 adjuvamen

143 2385 344 2446 extrinsecum
358 2406 377 2446 a
391 2386 516 2447 docente
528 2385 713 2460 exhibitum)
729 2385 760 2444 in
774 2405 809 2445 co
824 2394 918 2445 totum
935 2383 1077 2456 consistit,
1092 2394 1126 2444 ut
1140 2385 1245 2463 magis-

142 2495 188 2542 ter
201 2481 348 2562 discipulo
360 2493 587 2563 proponatuocc,
600 2483 647 2544 vel
655 2484 762 2562 quovis
772 2483 834 2543 alio
843 2483 1009 2543 extrinseco
1018 2483 1104 2562 signo
1114 2483 1245 2544 eumdm

141 2577 283 2651 ordinem,
297 2599 383 2657 quem
407 2580 530 2659 ipsemet
551 2581 581 2639 in
596 2579 797 2658 applicatione
818 2579 1033 2658 principiorum
1047 2579 1086 2638 nd
1108 2578 1244 2640 determi-

143 2685 229 2735 natas
244 2676 383 2736 materias
395 2686 537 2755 sequutus
550 2687 602 2738 est.

184 2773 525 2852 Quinto.-Discipnlus
545 2795 625 2846 vero,
639 2784 763 2853 accepta
783 2774 891 2835 notitia
911 2774 1000 2854 hujus
1013 2774 1135 2848 ordinis,
1149 2775 1243 2836 mem

140 2870 314 2930 attentionis
334 2891 406 2930 suae
419 2871 567 2932 convertit
588 2870 628 2932 ad
653 2871 749 2932 lucam
772 2870 998 2950 principiorum,
1010 2891 1089 2950 quae
1106 2871 1171 2951 jam
1187 2871 1243 2950 ipsi

140 2975 211 3025 sunt
230 2967 428 3044 prnccopnitn,
442 2977 473 3028 et
486 2967 542 3027 illa
555 2967 690 3046 applicat
703 2967 742 3028 ad
757 2967 956 3028 determinata
976 2967 1118 3046 subjecta
1160 2966 1244 3028 Hinc

142 3059 185 3134 ht,
200 3071 235 3122 ut
247 3083 286 3122 ex
301 3063 414 3124 lumine
428 3063 534 3124 hurum
551 3065 777 3144 principiorum,
791 3084 869 3144 quas
882 3064 1007 3124 interius
1021 3065 1164 3138 intuetur,
1180 3066 1242 3127 vim

142 3158 284 3218 illutinnrn
293 3159 422 3238 ipsorum
434 3161 596 3239 persentiat
602 3161 818 3240 scientiamque
828 3159 1053 3222 conclusionum
1065 3161 1243 3242 acquirat-

182 3254 285 3334 Atque
298 3255 371 3316 haec
385 3256 423 3316 de
436 3257 696 3336 argumentatione
709 3257 792 3318 dicta
804 3257 1003 3318 sufficiant.-
