3358 4952
523 481 570 544 De
584 481 689 542 Prima
704 480 811 542 blattis
829 479 1012 559 Operatione.
1126 538 1128 544 ,
1264 478 1301 540 87

195 675 337 754 plicatur,
352 677 463 739 dicitur
486 679 655 756 appellans:
676 677 829 750 terminus,
851 677 899 736 cui
922 677 1101 756 applicatur,
1116 677 1227 736 dicitur·
1249 698 1298 754 ap·

192 775 321 850 pellatur
329 797 339 844 ;
372 776 435 853 ipsa
458 774 629 853 applicatio,
653 775 764 834 dicitur
786 775 950 852 appellati-o.
994 773 1114 832 Exinde
1142 773 1298 851 intelliget,

195 890 274 948 ‹juae
288 882 461 947 sequuntur.

242 966 464 1034 Primum-lu
481 969 561 1027 orum
585 968 792 1047 propositione,
814 967 1019 1046 praedicatum
1042 967 1176 1045 appellen,
1190 966 1303 1045 subjee-

200 1076 266 1121 tum
283 1084 352 1122 vero
367 1065 539 1141 rrppdlolur.

241 1145 620 1222 Secutulum-Terminus
641 1163 791 1240 appellant
805 1174 848 1222 est
862 1181 976 1240 sempor
990 1163 1154 1242 adjectivus
1170 1162 1216 1220 vel
1231 1183 1302 1240 qua·

196 1255 223 1312 si
239 1257 422 1335 adjmtivus;
445 1259 618 1337 appellaba
632 1282 702 1320 vero
716 1261 920 1321 substantivus
934 1261 978 1320 vel
995 1261 1079 1339 quaa
1088 1260 1301 1320 substantivus.

198 1354 251 1412 Sic
266 1375 292 1411 v.
308 1376 335 1433 g.
351 1376 417 1414 cum
434 1356 523 1416 dicis:
547 1357 663 1418 “Sostra
678 1368 720 1418 est
741 1358 857 1437 egregio
871 1358 1011 1430 ‹loctus;”
1033 1358 1209 1418 adverbium
1226 1379 1303 1435 epra-

191 1455 242 1527 p'e
256 1454 437 1529 adjectivum
453 1476 511 1514 uon
537 1467 588 1526 est,
604 1475 657 1515 nce
680 1476 786 1516 nomen
810 1455 907 1515 doctam
928 1467 972 1516 ast
993 1455 1233 1516 substantivum:
1255 1467 1298 1517 at-

196 1559 297 1608 tamen
314 1552 455 1628 primum,
470 1553 541 1630 quia
556 1553 730 1626 denominat,
745 1563 788 1614 est
802 1554 886 1632 quasi
909 1554 1090 1633 adjectivum
1106 1574 1114 1626 3
1136 1555 1299 1615 secundum

203 1668 282 1718 utero,
297 1649 368 1726 quia
383 1649 596 1722 (lacerabantur,
608 1661 652 1710 est
665 1651 749 1729 quasi
764 1650 994 1711 substantivum.

241 1743 590 1824 Tertium—Appadana
617 1768 733 1826 semper
754 1748 883 1807 sumitur
909 1747 1071 1807 secundum
1100 1746 1299 1826 significatum

186 1842 336 1918 formala,-
357 1843 531 1920 Appellatus
545 1855 644 1904 autem
659 1845 823 1923 aliquando
844 1844 1005 1904 secundum
1021 1843 1219 1922 significatum
1242 1845 1303 1921 sar·

200 1940 284 2010 ruale,
309 1951 342 1999 ut
357 1961 383 1999 v.
398 1963 426 2018 g.
441 1961 508 1999 cum
531 1941 618 2000 dico:
642 1962 765 2020 orcynus
787 1940 856 2013 clara,
870 1942 964 1999 :nolus
980 1943 1119 2000 tirannicus:
1140 1939 1303 2019 aliquando

199 2055 271 2094 vcro
292 2037 454 2096 aecrrndum
476 2037 675 2116 significatum
699 2039 847 2098 materiale
861 2048 895 2098 ut
910 2059 937 2097 v.
951 2059 979 2116 g.
994 2058 1063 2097 cum
1078 2037 1161 2098 dico:
1178 2037 1303 2116 pbiloso-

190 2131 274 2208 pbut
301 2132 413 2193 claruit.
458 2135 500 2204 (u.
517 2133 579 2210 27).
621 2133 652 2194 U
689 2144 789 2194 autem
813 2155 970 2212 eognoscat
991 2133 1112 2212 quaudo
1136 2134 1303 2212 Appellatio

197 2228 289 2288 cadat
304 2229 333 2286 in
349 2231 497 2289 oruteriolc
513 2229 558 2289 vel
575 2231 605 2288 iu
623 2230 749 2307 formala
762 2230 961 2310 significatum
987 2232 1060 2290 aaa
1082 2227 1244 2308 appellatae
1266 2250 1301 2289 en

203 2325 391 2387 documenta

242 2423 308 2483 111.
341 2402 377 2483 '14
393 2423 788 2484 Documentum—“Nomen
811 2424 1002 2504 adjectivum,
1019 2424 1063 2484 vel
1080 2425 1164 2503 quasi
1179 2423 1300 2504 adjecti·

201 2539 282 2592 vum,
303 2519 382 2598 quod
406 2520 597 2598 praedicatur
611 2521 648 2580 de
662 2519 763 2600 aliquo
787 2521 919 2601 subjecto
940 2521 1139 2600 significatum
1156 2521 1303 2580 materiale

199 2616 338 2690 habente,
365 2616 501 2696 appellat
527 2617 727 2696 significatum
755 2619 912 2691 materiale,
937 2618 993 2678 uisi
1016 2618 1152 2678 accidens
1180 2618 1303 2678 rationis

197 2713 377 2792 significet.’'

239 2808 288 2868 Sic
303 2829 370 2869 cum
387 2808 476 2869 dicis:
499 2809 547 2870 hic
563 2809 751 2889 philosophus
765 2818 804 2870 est
817 2811 925 2882 lanua:
947 2811 1153 2890 praedicatum
1168 2810 1302 2891 appellat

199 2907 359 2978 hominem,
374 2907 424 2985 qui
450 2916 494 2966 cst
516 2906 626 2968 bouus:
648 2907 729 2968 borna
752 2907 845 2978 saaca
867 2908 1072 2987 praedicatum
1095 2907 1228 2987 appellat
1250 2907 1302 2968 ali·
1413 2905 1414 2908 ’

199 3003 280 3082 quod
308 3003 508 3076 individuum,
531 3024 590 3063 nou
619 3024 689 3064 vero
714 3014 855 3064 naturam
879 3003 1062 3065 humanam:
1089 3003 1221 3066 Obrutam
1240 3003 1303 3083 suit

198 3121 308 3176 scalper
316 3121 326 3170 ;
348 3099 554 3178 praedicatum
569 3101 704 3181 appellat
725 3100 862 3161 Verbum
877 3101 1035 3175 Divinum,
1050 3101 1145 3182 (quod
1159 3111 1203 3163 est
1216 3103 1301 3179 quasi

200 3195 349 3254 martiale
361 3195 563 3274 significatum
578 3198 658 3257 vocis
678 3196 808 3274 Cluati),
820 3217 879 3257 nou
890 3199 961 3258 itam
972 3207 1112 3258 naturam
1127 3199 1302 3271 humanam,
1399 3273 1405 3288 Ι

199 3298 292 3371 (quae
305 3304 349 3353 est
370 3294 570 3372 significatum
588 3295 713 3373 forntaln
736 3296 816 3354 vocis
838 3295 970 3374 Obriati).
1012 3295 1057 3356 Cf.
1073 3295 1101 3355 S.
1117 3293 1172 3355 Th.
1188 3315 1216 3374 p.
1232 3295 1258 3356 3.
1274 3317 1300 3374 q.

203 3393 247 3451 16.
291 3391 443 3468 Quocirca
454 3393 592 3471 neganda
602 3402 646 3452 est
660 3392 733 3452 haec
748 3391 925 3471 propositio:
942 3391 1097 3453 “Christus
1112 3401 1156 3452 eat
1169 3391 1301 3452 factus:'’
1316 3377 1321 3389 ’

200 3487 272 3565 quia
288 3489 316 3546 vi
331 3486 541 3566 appellationis
556 3487 705 3566 participii
719 3487 824 3564 saaca,
839 3487 987 3567 siguificat
1001 3485 1138 3548 Verbum
1154 3486 1300 3549 Divinum

202 3603 264 3642 esse
271 3584 393 3661 sartura,
408 3584 487 3662 quod
502 3584 622 3663 quidem
638 3584 746 3645 falsum
761 3595 805 3644 est
818 3594 848 3645 et
861 3583 1034 3644 absurdum.

208 3681 213 3690 “
242 3678 334 3738 Dixi:
357 3680 412 3740 uisi
426 3681 565 3760 siqniftcet
586 3681 718 3740 occidens
731 3681 871 3740 rationis:
893 3692 927 3741 ut
942 3703 968 3741 v.
984 3703 1011 3760 g.
1027 3703 1094 3740 cum
1110 3681 1199 3741 dicis:
1222 3681 1302 3742 ltooto

196 3783 236 3836 aa
248 3777 371 3854 speclea·
392 3777 561 3857 hujusmodi
578 3798 707 3856 namque
729 3778 900 3856 praedicata
915 3778 1071 3857 appellant
1085 3778 1250 3838 iraruadinta
1266 3800 1301 3839 ac

192 3872 335 3949 sorumlla
348 3873 515 3952 significata
529 3873 728 3953 subjectorum
745 3877 787 3952 (u.
803 3875 866 3949 98.)
879 3874 960 3934 orado
976 3877 1020 3934 nil
1033 3875 1123 3934 abulat.
1161 3875 1245 3935 Hinc
1259 3875 1301 3950 fit,

198 3983 233 4030 ut
260 3979 406 4049 negentur
434 3971 490 4030 hae
525 3971 755 4050 propositionem
791 3971 922 4031 “animal
951 3984 995 4032 est
1021 3972 1131 4050 species
1159 3972 1298 4044 infima;'’

197 4065 307 4126 “homo
322 4077 365 4128 est
379 4067 568 4126 individuum
585 4067 656 4145 quid
669 4067 695 4126 :’'
707 4087 777 4127 natu
793 4068 874 4146 prior
888 4067 1037 4146 significat
1050 4068 1163 4128 animal
1178 4089 1298 4128 mortuu-

196 4186 232 4224 na
248 4163 402 4223 hominist
422 4163 510 4222 bruto
525 4184 585 4222 aaa
595 4165 713 4242 speciem
728 4164 877 4242 imbuam
892 4165 1036 4242 posterior
1046 4184 1135 4237 vero;
1151 4165 1300 4226 homiuem

199 4264 231 4321 in
255 4263 400 4320 communi
423 4281 483 4320 esse
508 4261 627 4340 aliquod
651 4259 845 4320 'individuum
887 4261 1004 4320 Addidi
1029 4261 1111 4322 modo
1133 4263 1179 4322 nil
1201 4263 1303 4324 obstet:

196 4369 292 4438 potest
306 4359 387 4417 enim
404 4358 573 4437 hujusmodi
588 4357 752 4437 appellatio
763 4357 855 4418 variis
866 4356 962 4418 modis
976 4357 1124 4437 impediri,
1136 4369 1169 4420 ut
1180 4358 1205 4420 ai
1219 4361 1302 4423 dicas
1392 4415 1398 4424 .
