3118 4956
465 425 508 484 ne
535 425 631 484 rme
652 425 759 484 nens
778 424 958 501 operarum.
1099 397 1104 405 ’
1196 426 1254 486 243

191 621 274 682 Dmo
289 619 421 680 IL—Ht
435 627 529 678 autern
544 621 606 691 looi,
618 627 758 698 φιαὶεηιω
771 625 1021 689 communen-snut,
1036 619 1255 678 mmidoearztur

153 741 172 775 n
189 718 392 776 malemei-

193 913 258 971 280.
304 909 608 970 Demaratus-Loci
618 931 777 970 communes
788 910 865 987 (sive
878 910 1035 980 maxinme,
1046 911 1108 969 sive
1119 910 1253 970 differen-

151 1011 210 1068 tiae
226 1009 427 1068 niaximarnm
442 1008 515 1082 sint)
532 1015 563 1066 nt
585 1027 743 1066 oommnuen
765 1005 923 1078 habentur,
938 1007 1059 1084 quando
1073 1008 1111 1066 sd
1136 1007 1253 1067 nullum

150 1106 381 1165 determinatum
403 1125 496 1182 genus
520 1124 617 1164 rerum
633 1103 870 1180 adstringuntur,
885 1115 914 1162 et
936 1105 992 1162 hoo
1014 1105 1141 1182 simplici
1167 1106 1254 1164 modo

150 1203 328 1262 efferuntur:
352 1201 469 1261 “Locus
491 1200 675 1278 demotionis,
692 1201 868 1258 auetorilotie
882 1198 958 1260 etu.''
999 1199 1043 1261 Ut
1051 1204 1170 1279 proprii
1186 1223 1254 1262 vero

153 1300 309 1370 liubentnr,
338 1299 458 1376 quondo
483 1299 521 1357 ad
558 1297 787 1357 determinatum
814 1296 936 1374 aliquod
960 1317 1053 1375 genus
1081 1297 1253 1377 adiguntur,

152 1409 240 1474 putu:
263 1395 381 1455 “Locus
403 1395 583 1455 delinitionis
610 1395 737 1466 virtutis,
760 1394 805 1453 vel
830 1393 982 1454 nuturae.”
1005 1407 1058 1454 eto.
1102 1394 1194 1454 Porro
1216 1417 1254 1456 ex

149 1493 345 1552 oommurrihsn
366 1491 446 1563 limis,
462 1501 496 1551 ut
510 1491 685 1550 Aristoteles
698 1491 846 1562 observat,
859 1511 917 1550 non
940 1492 1034 1568 major
1048 1492 1254 1569 opportunitas

149 1590 276 1650 hebetur
290 1589 328 1648 nd
343 1589 549 1668 syllogismum
565 1589 601 1646 de
617 1588 756 1659 moribus,
768 1609 858 1666 qnam
873 1587 910 1646 do
921 1597 1038 1660 natura,
1050 1599 1104 1648 aut
1117 1587 1178 1648 sliu
1190 1589 1253 1650 ullo

151 1707 189 1750 re.
205 1705 281 1763 quoe
294 1685 334 1745 sit
347 1685 474 1745 aliarum
498 1684 608 1744 artium
624 1685 761 1763 propriu:
783 1699 815 1744 et
832 1687 950 1762 proprii
965 1687 1182 1765 peudioreuquo
1195 1687 1251 1747 looi

148 1783 236 1842 certis
250 1795 280 1842 et
292 1783 353 1844 suis
367 1784 509 1862 cujusque
523 1781 638 1860 generis
653 1782 904 1860 propositionibus
919 1783 1117 1843 continentur.
1159 1784 1209 1844 Sic
1223 1807 1250 1844 v.

148 1902 177 1956 g.
193 1880 230 1938 de
245 1890 353 1939 nutura
374 1879 520 1957 quaedum
545 1879 757 1957 propositiones
781 1878 937 1950 habentur,
952 1899 988 1938 ex
1004 1879 1112 1957 quibus
1136 1880 1252 1942 nullum

148 1976 262 2035 desumi
278 1986 374 2055 potest
388 1986 597 2052 argumentum
614 1976 650 2034 de
666 1975 796 2035 moribus
811 1988 840 2035 et
855 1975 991 2052 vicissim.

193 2073 306 2133 Verum
322 2073 377 2134 luci
393 2094 562 2144 urmmuuee,
574 2073 694 2158 emiper
707 2095 735 2132 ne
747 2073 879 2151 inspecti,
891 2073 1038 2134 hominem
1053 2077 1180 2152 peritum
1193 2097 1251 2136 uon

152 2171 274 2240 tinniant,
298 2185 368 2229 sunt
393 2181 492 2230 tamen
517 2170 621 2230 sedulo
646 2169 846 2246 pernoscendi,
872 2182 936 2229 tum
961 2171 1032 2249 quia
1057 2173 1160 2250 nequit
1187 2174 1252 2251 quis

145 2269 281 2346 proprior
294 2289 477 2346 cognoscere,
493 2268 548 2326 nisi
565 2268 645 2345 prins
659 2288 818 2326 eorrrmuueu
832 2277 947 2327 teneat:
971 2279 1032 2326 tum
1049 2269 1120 2346 quia
1135 2270 1252 2330 temetsi

146 2367 262 2440 proprii
290 2365 344 2424 looi
382 2366 531 2423 neoterium
559 2363 720 2422 disserendi
755 2363 955 2441 suppeditent,
970 2363 1117 2426 ,locorum
1153 2376 1252 2426 tumen

147 2461 350 2520 communium
375 2460 514 2520 tractatio
530 2481 612 2518 usum
633 2459 820 2536 propriorum
833 2458 927 2519 docet.
970 2459 1090 2519 Exinde
1104 2463 1253 2541 consequi-

149 2567 198 2614 tur
209 2557 330 2616 assertio
340 2576 431 2635 snpra
447 2556 550 2634 posita.
593 2553 806 2614 Communium
821 2555 954 2614 locorum
966 2557 1106 2616 mactatio
1116 2557 1155 2616 ed
1167 2557 1250 2618 illam

145 2651 301 2712 seientiam
326 2653 463 2730 pertinet,
478 2671 555 2730 quoe
577 2659 667 2710 orlon
692 2650 853 2710 disserendi
875 2652 892 2710 i.
908 2673 931 2710 e.
955 2672 1031 2730 quue
1056 2654 1252 2714 communiter

147 2749 308 2808 disserendi
331 2749 432 2808 modos
446 2748 584 2807 omnibus
605 2746 721 2806 ortibus
735 2747 864 2808 exhibet
909 2744 1003 2828 Atqui
1025 2749 1194 2827 hujusmodi
1209 2762 1252 2811 est

152 2843 317 2904 [homino.
362 2845 443 2923 Ergo
466 2843 668 2904 communium
691 2843 824 2902 locorum
839 2844 1034 2904 oonsideratio
1048 2846 1086 2904 ad
1110 2845 1252 2906 Dialecti-

148 2961 215 2999 oem
232 2942 367 3020 pertinet.

193 3035 237 3096 De
252 3037 298 3098 his
313 3037 384 3098 locis
399 3037 495 3098 multu
508 3048 538 3098 et
552 3037 668 3104 erudito
681 3037 830 3098 disserunt
852 3050 917 3117 post
932 3039 1133 3114 Aristotelem,
1148 3043 1251 3104 Cicero

147 3133 193 3210 (in
218 3132 466 3210 Partitionibus);
490 3133 697 3210 Quintilianus
720 3134 939 3212 (Institutiones
961 3135 1151 3217 Oratoriae);
1174 3141 1251 3201 Fon-

147 3251 215 3290 seee
237 3230 438 3308 (Dialecticae
468 3231 672 3292 lmtitntiones
697 3231 812 3311 integro
836 3232 913 3293 libro
934 3234 1083 3312 septimo).
1126 3236 1176 3297 Ex
1205 3239 1249 3298 his

148 3327 311 3400 desumam,
322 3350 398 3406 quoe
413 3329 574 3408 praecipua
589 3328 663 3387 mihi
677 3329 741 3389 visa
754 3341 833 3401 sunt,
842 3331 941 3408 quood
951 3332 1182 3413 uniuscujusque
1192 3335 1246 3396 loei

147 3434 285 3485 staturum
301 3437 331 3485 et
345 3447 439 3486 usum.
