3118 4956
454 439 501 498 Da
527 439 622 500 Tertio
643 438 751 500 Mettis
770 438 951 517 Operatione.
1187 436 1244 496 23¹1

141 627 221 689 (lieet
241 629 398 710 Sophiste:
414 625 463 693 “Si
488 631 605 692 nullum
621 643 738 711 tempus
758 640 841 705 esset,
856 653 916 692 uox
942 651 1000 692 non
1023 641 1113 692 esset:
1135 630 1159 690 si
1184 651 1241 689 nox

143 746 201 784 uon
225 738 307 798 esset,
321 727 383 788 dies
405 739 495 800 essem
517 730 540 788 si
555 728 618 788 dies
639 742 722 800 esset,
736 727 860 806 aliquod
881 737 999 806 tempus
1020 739 1110 788 esset:
1132 747 1203 804 ergo
1216 726 1241 784 si

145 835 262 902 tempus
282 824 400 884 nullum
416 838 498 900 osset,
513 827 635 905 aliquod
658 837 774 906 tempus
794 837 884 886 esset:
906 826 1001 905 Atqui
1018 827 1073 886 hoo
1087 835 1130 886 est
1144 825 1244 885 absur-

143 919 236 980 dum:
258 942 329 1000 ergo
345 923 433 1000 prior
449 925 617 1001 propositio,
631 945 679 986 se:
700 924 726 986 si
740 923 858 986 nullum
881 933 997 1002 tempus
1011 935 1093 995 osset,
1108 943 1169 982 nox
1184 941 1243 982 non

144 1017 247 1088 esset,”
262 1029 306 1079 est
320 1018 455 1080 abstersio.
498 1019 631 1081 Pessima
644 1033 688 1080 est
702 1019 756 1080 illa
769 1019 982 1098 oonsequutio;
1003 1030 1036 1078 at
1050 1019 1141 1098 ipsius
1155 1039 1244 1078 eausa

146 1137 204 1177 non
221 1118 328 1196 primo,
338 1119 388 1180 sed
403 1119 534 1180 seeundo
548 1119 709 1198 propositio
720 1117 867 1180 censenda
880 1127 932 1190 ast,
943 1137 1020 1196 quae
1034 1117 1154 1195 quidem
1169 1114 1243 1176 falsa

145 1226 206 1287 est:
227 1215 372 1294 siquidem
394 1225 465 1278 ante
479 1217 594 1276 mundi»
609 1216 849 1278 constitutionem
863 1235 918 1278 nee
932 1234 1001 1288 nox,
1016 1235 1071 1274 neo
1085 1213 1147 1274 dies
1161 1223 1243 1283 erem

146 1331 201 1370 nee
222 1322 392 1390 potestesse
408 1333 487 1384 vera,
502 1312 557 1372 nisi
573 1313 603 1372 in
627 1311 784 1390 hypothesi
807 1321 905 1372 motus
918 1310 1034 1372 telluris
1048 1309 1127 1370 eirea
1141 1308 1240 1370 solem.

146 1407 204 1467 His
217 1409 449 1486 sophismatibus
471 1411 578 1488 possim
594 1410 690 1472 utitur
705 1408 793 1470 Kont
806 1409 837 1468 in
852 1408 966 1470 Oritioa
988 1407 1127 1468 Rationis
1140 1426 1241 1484 purae.

626 1601 664 1663 N.
687 1601 762 1662 Vll.

245 1799 293 1858 De
307 1799 442 1860 Fatuae
454 1797 612 1860 seeundum
620 1799 723 1875 ptores
736 1799 983 1876 ieter-repetierat,
997 1803 1029 1856 at
1042 1816 1141 1856 onom

185 1991 252 2052 273.
294 1991 372 2052 Sunt
393 1991 471 2052 idem
489 1992 575 2070 (jure
590 1991 695 2052 merito
717 1990 848 2052 advertit
861 1989 891 2051 S.
914 1989 1059 2066 Thomas)
1079 1989 1241 2050 meandum

141 2087 342 2150 substantiam
365 2089 539 2161 monomtia
560 2090 726 2166 propositio,
747 2089 936 2166 interropatio
958 2097 989 2146 et
1010 2087 1150 2146 mmlusio
1161 2107 1171 2156 ;
1192 2085 1241 2144 sed

141 2186 307 2244 amandatio
320 2186 440 2257 dieitur,
454 2197 602 2263 quatenus
621 2184 797 2263 simpliciter
817 2183 966 2264 significat
980 2184 1095 2263 aliquid
1110 2203 1179 2255 osso,
1195 2183 1241 2242 vel

143 2301 201 2341 uon
216 2301 294 2354 eese;
308 2284 504 2360 interropotio,
517 2293 663 2360 quatenus
677 2281 847 2342 dubitative
861 2281 1038 2360 proponitur
1050 2303 1057 2353 ;
1076 2267 1242 2358 propositio,

140 2377 305 2438 seeundum
320 2378 400 2457 quod
421 2380 551 2440 sumitur
563 2379 603 2438 ed
617 2379 741 2440 alterius
760 2379 988 2458 probationem
1008 2379 1158 2451 eorrctusio,
1172 2397 1242 2456 qua·

142 2484 229 2534 tenus
249 2495 287 2534 ex
308 2475 377 2536 aliis
400 2475 563 2554 probatur:
585 2487 615 2538 et
635 2477 710 2549 ideo,
732 2476 985 2556 quemadmodum
1011 2477 1177 2537 materiatio
1199 2487 1243 2536 eet

103 2578 107 2586 '
140 2593 212 2645 aaa,
227 2572 274 2634 vel
284 2573 404 2651 plorem
425 2574 468 2634 ita
478 2585 508 2636 et
517 2575 715 2652 interropatio,
724 2576 892 2652 propositio,
903 2573 1242 2634 matario-Enorm-

141 2672 181 2731 tio
194 2683 295 2732 autem
310 2684 355 2732 est
367 2693 430 2734 areo
445 2673 491 2734 rel
509 2675 619 2752 ptores,
634 2684 723 2752 prout
738 2673 786 2734 rel
799 2693 893 2734 naam
906 2673 942 2734 sle
955 2695 1024 2746 orso,
1040 2672 1086 2732 vel
1101 2693 1193 2732 artam
1208 2672 1244 2732 de

136 2767 282 2846 pluritas,
293 2779 347 2829 aut
357 2769 486 2830 vicissim
498 2769 683 2830 enunciatur.
726 2769 956 2834 Observandum
971 2769 1084 2850 pariter
1094 2779 1137 2830 eet
1152 2767 1240 2848 quod,

141 2864 263 2944 quando
287 2865 376 2945 plura
389 2867 590 2928 enuncientur
613 2865 650 2926 de
666 2887 733 2939 uno,
749 2877 839 2946 prout
852 2887 889 2928 ex
905 2867 951 2926 hie
974 2867 1010 2928 lit
1022 2887 1114 2926 unam
1135 2887 1191 2944 per
1204 2887 1240 2938 se,

143 2961 190 3021 vel
201 2983 258 3040 per
272 2963 411 3034 omittas,
427 2963 555 3022 habetur
568 2963 739 3026 enunciatio
753 2984 824 3036 ono,
840 2963 886 3024 vel
901 2963 1058 3041 multiplea.

182 3057 327 3118 Provenit
341 3079 412 3136 ergo
433 3057 603 3137 hujusmodi
627 3057 749 3118 foliosis
763 3079 801 3118 ex
815 3079 859 3132 eo,
873 3059 953 3138 quod
974 3059 1013 3120 od
1036 3059 1240 3137 interrogatio-

140 3173 207 3213 nem
224 3153 421 3233 multiplicum
436 3155 525 3216 detur
539 3175 601 3214 uua
614 3155 773 3233 responsio,
784 3155 895 3234 quippe
908 3155 964 3216 sub
980 3175 1039 3215 uno
1050 3155 1138 3216 modo
1152 3155 1243 3216 inter·

140 3250 264 3329 rogandi
286 3251 471 3329 proponitur.
487 3271 515 3310 v.
530 3272 557 3329 g.
600 3249 750 3310 “Putasne
771 3249 871 3312 Sortes
891 3260 921 3312 st
941 3271 1035 3330 equus
1056 3261 1127 3311 sunt
1148 3251 1239 3312 homi·

139 3347 227 3406 nesl’'
255 3347 351 3408 Chusa
373 3347 565 3425 apparentiae
586 3347 617 3406 in
639 3347 696 3406 hae
720 3346 842 3407 fallacia
862 3358 923 3408 est:
953 3347 1070 3408 “unitas
1092 3367 1129 3408 ex
1156 3357 1240 3426 parte

139 3445 218 3505 modi
245 3445 448 3523 interrogandi
459 3444 486 3505 :’'
513 3465 601 3504 eoruu
624 3465 684 3506 noo
709 3448 874 3507 mittentia
897 3447 1240 3525 est:1“interrogationis

141 3541 453 3621 pluralitas.’'-Modi
479 3549 547 3602 saort
567 3541 811 3604 deo-Primus:
840 3545 961 3624 quaudo
982 3544 1176 3623 interrogatio
1196 3555 1240 3604 est

138 3639 298 3718 multiplex
312 3661 350 3700 ex
364 3659 408 3712 eo,
422 3640 502 3718 quod
518 3659 611 3699 unum
625 3639 663 3700 de
676 3640 814 3719 pluribus
826 3644 860 3702 in
872 3643 1020 3720 aequari
1039 3641 1240 3720 praedicatur,

137 3735 185 3798 val
200 3759 217 3798 e
230 3737 592 3800 convorso-Secundus:
615 3739 737 3816 quando
761 3737 920 3818 multiplex
935 3750 980 3799 est
993 3738 1187 3817 interrogatio
1201 3757 1238 3798 ox

135 3857 179 3908 eo,
194 3835 273 3914 quod
297 3835 385 3915 plura
398 3834 607 3913 subjiciuntur,
622 3827 669 3895 vel
694 3835 905 3914 praedicuntur
919 3838 953 3898 tn
971 3835 1091 3914 ptorat
1112 3855 1237 3898 aumoeo.

137 3931 289 4011 Exempla
302 3942 373 3992 sunt
386 3932 582 3992 facillima-
