3358 4952
373 401 430 459 144
867 407 986 485 Lopiou.

414 598 479 658 187.
522 599 616 661 Hisce
642 602 670 662 in
696 613 878 662 antequanm
906 602 1095 682 praenotatis,
1122 601 1209 660 modu
1234 599 1273 660 ad
1297 597 1469 658 statuendas

372 695 619 757 contradictorias
632 708 662 757 st
676 699 841 758 contrarias
856 698 1088 776 uniuscujusque
1113 696 1321 776 propositionis
1343 693 1467 773 gradum

372 789 505 852 iacimus.

413 887 455 950 Et
469 890 696 971 primoquidem
712 893 943 954 contradictoria
954 893 1080 972 alicujus
1095 891 1303 972 propositionis
1312 889 1478 974 sinpulmis

373 982 510 1059 habetur,
525 987 645 1066 quando
666 990 758 1068 ipsius
772 989 902 1068 qualitas
924 999 1068 1060 mutatur,
1084 1000 1117 1049 ut
1130 988 1265 1067 superius
1279 986 1411 1046 diximus
1425 988 1468 1051 (u.

375 1081 466 1158 180).
507 1083 606 1162 Ipsius
620 1097 720 1148 autern
735 1087 885 1147 contraria
895 1087 980 1146 nulla
994 1099 1045 1147 est.
1074 1085 1227 1162 Singulari
1237 1085 1471 1164 aequiparantur

364 1179 586 1257 'propositiones
614 1183 792 1262 iruleflm'lue,
815 1203 941 1262 quarum
971 1182 1103 1261 subjecta
1129 1182 1176 1242 uel
1204 1180 1401 1248 ur-nteriditrr,
1423 1177 1470 1237 uel

373 1274 469 1354 loyioe,
493 1278 540 1336 vel
565 1280 678 1338 resiliter
700 1280 834 1353 obsolute,
848 1281 894 1342 vel
919 1281 1055 1340 mlleulinr
1078 1289 1288 1358 supponuntur
1303 1280 1345 1356 (u.
1371 1275 1469 1350 169.):

375 1370 451 1430 idem
467 1375 604 1452 arguerit
618 1376 655 1435 de
669 1375 723 1447 his,
735 1397 770 1436 ao
784 1377 821 1436 de
835 1376 1045 1453 singularibus,
1056 1376 1212 1454 judicium.
1256 1373 1387 1450 Quando
1401 1391 1471 1432 uero

374 1468 538 1546 subjemum
555 1471 695 1550 disjuncte
708 1475 887 1552 supponitur
901 1495 928 1534 v.
943 1497 970 1550 a.

536 1568 669 1648 “Aliqua
684 1571 769 1630 navis.
783 1581 826 1630 est
840 1571 878 1630 ad
895 1571 1097 1646 nauigandum
1114 1571 1277 1630 nsoiasaria
1287 1570 1312 1628 :”

376 1679 412 1720 ue
426 1663 576 1722 existimes
597 1665 688 1742 ipsius
709 1667 969 1727 contradictoriam
986 1688 1046 1726 esse
1063 1668 1247 1726 restitursulmn
1271 1673 1428 1744 nepa-utem,
1443 1685 1472 1723 u.

377 1779 405 1834 g.
422 1758 525 1820 “iriilla
540 1763 625 1822 suavis
640 1774 683 1824 est
698 1765 861 1824 neeessaria
876 1765 915 1824 ud
930 1765 1137 1843 navigandum
1151 1765 1177 1824 :”
1200 1764 1246 1824 uel
1266 1763 1471 1841 primoralis-rem

377 1866 536 1935 turpantem,
552 1883 579 1920 v.
595 1885 623 1938 a.
639 1862 761 1941 “aliqua
775 1863 862 1924 nauis
876 1875 990 1923 nouat
1003 1863 1216 1922 necessariaad
1232 1861 1435 1938 rravigandum
1447 1859 1473 1918 :’'

377 1975 444 2016 uani
460 1958 562 2017 aradae
574 1981 656 2018 surus
670 1981 730 2020 esse
752 1971 890 2039 possunt,
905 1961 976 2039 quia
991 1960 1133 2036 dispitiam
1149 1971 1191 2018 ost
1214 1957 1393 2037 suppositio:
1419 1955 1469 2014 sed

376 2054 608 2115 rmumdiutoria
622 2067 665 2116 est
679 2057 752 2116 haec
766 2079 812 2116 su:

538 2151 625 2210 “Non
641 2153 743 2232 aliqua
758 2155 843 2213 navis
858 2169 901 2213 est
916 2155 1077 2212 risosssaria
1093 2153 1131 2212 ad
1148 2151 1371 2228 navigaruluur”

378 2248 395 2307 i.
410 2267 435 2308 e.
451 2248 577 2309 “iislsum
600 2264 643 2312 est
664 2251 797 2330 aliquam
824 2272 941 2324 narem,
956 2254 1042 2311 eu'um
1069 2251 1287 2309 irulelermimrle
1312 2261 1474 2326 acceptam,

376 2363 437 2403 asse
459 2347 652 2406 amassarinm
675 2347 714 2407 ad
737 2347 940 2424 navigandum
954 2349 979 2407 :’'
1001 2367 1077 2426 quas
1100 2345 1260 2426 propositio
1283 2343 1358 2404 falsa
1371 2343 1435 2410 erit,
1449 2344 1473 2402 si

378 2460 459 2519 prior
474 2463 552 2504 vera.

418 2538 819 2621 adeunda-Proposittms
839 2555 939 2603 auitam
962 2545 1129 2620 uompmitus
1149 2539 1409 2600 runtmdiotsriam
1427 2537 1477 2597 ha-

379 2635 470 2708 babis,
486 2637 675 2716 praefigendo
699 2639 878 2718 particulam
903 2639 1179 2710 rrou;corrtraria1u
1204 2657 1273 2696 vero
1297 2637 1334 2711 (si
1357 2633 1477 2714 quaudo

290 2784 295 2794 .
380 2732 495 2808 habet),
510 2735 655 2794 mutando
666 2735 852 2815 qualitatem,
864 2737 976 2796 intarta
992 2746 1130 2795 manente
1141 2733 1233 2812 ipsius
1244 2731 1419 2811 quantitate,
1429 2749 1477 2790 so:

381 2829 613 2892 universalitate.
656 2832 807 2908 Quoniam
824 2853 894 2892 uero
907 2842 977 2893 suut
991 2831 1136 2911 quasdam
1161 2821 1381 2909 propositiones,¹
1397 2847 1477 2905 prae

381 2927 467 3004 cipue
481 2930 669 3007 compositae,
684 2951 760 3009 quae
774 2929 906 3009 aliquam
924 2929 1125 3009 praeseferunt
1139 2927 1356 2998 difficultatem,
1366 2925 1478 3004 juverit

381 3021 418 3080 de
443 3021 488 3082 his
513 3023 627 3102 aliquid
653 3024 828 3102 singillatim
854 3025 967 3084 diuers:
1001 3024 1080 3102 quud
1109 3013 1256 3082 distinctis
1284 3018 1480 3100 paragraphis

383 3119 607 3197 praestabimus.

904 3318 918 3384 ξ
941 3315 965 3376 Ι.

482 3511 674 3588 (itpielrliuue,
689 3511 874 3576 llisuauliuue.
890 3477 1049 3580 Ηοὶαίὶνιιθ,
1070 3507 1203 3568 tiiutsulis
1224 3507 1378 3584 Oppositus.

424 3707 490 3766 188.
533 3703 652 3782 ‹u-Ut
666 3705 742 3764 falsa
755 3705 866 3766 evadat
885 3704 1052 3782 (spolitino
1066 3703 1174 3762 suffieit
1190 3719 1298 3777 negare
1311 3698 1483 3759 simultane-

382 3823 431 3863 am
448 3802 603 3862 veritatem
629 3802 769 3880 partium,
784 3800 893 3880 quibus
907 3811 1039 3870 constan
1062 3799 1091 3858 id
1107 3798 1186 3876 quud
1201 3797 1251 3856 fiet
1266 3793 1442 3875 opponendo
1455 3796 1482 3854 ei

382 3898 594 3979 disjunctivam
617 3899 820 3978 impropriam,
836 3897 896 3958 duo
917 3908 1017 3957 tanien
1033 3915 1104 3975 prae
1118 3893 1212 3954 usulis
1227 3891 1366 3952 habendo
1380 3912 1426 3951 so:
1447 3891 1482 3966 u)

382 4005 540 4056 -mutare
553 3995 729 4074 qualitatem
743 3993 929 4072 singularum
954 3993 1102 4072 partium:
1125 3991 1235 4066 lsi-et,
1250 3992 1274 4048 si
1289 4011 1363 4068 opus
1386 3988 1485 4058 leserit,

382 4094 582 4172 quantitatem
600 4113 626 4152 v.
641 4115 669 4168 g.

597 4189 779 4249 “Consilium
797 4200 826 4248 et
841 4187 1001 4268 prudentia
1015 4198 1057 4246 est
1074 4187 1104 4246 iu
1119 4184 1274 4246 uersibus:''

389 4285 737 4349 (briturdimulo—“Vel
753 4283 918 4354 eonsilium,
931 4283 978 4342 vel
994 4281 1154 4362 prudentia
1166 4300 1223 4340 non
1240 4291 1283 4340 est
1298 4281 1327 4338 in
1340 4275 1487 4337 senibus.’'

389 4383 669 4446 (linteamin—“Nec
684 4382 851 4452 consilium,
867 4402 920 4440 usu
935 4381 1094 4460 prudentia
1109 4389 1151 4439 est
1167 4379 1196 4437 in
1211 4377 1357 4438 seniluis.''

1593 3827 1599 3914 l

1598 4299 1599 4374 i
