3172 4950
483 463 530 526 De
544 463 649 526 Rima
663 463 771 526 Mentis
790 464 972 545 Operatione
1224 464 1261 527 5?

161 657 240 730 tiae3
262 658 367 720 modus
388 673 489 720 autem
512 672 564 734 est,
580 665 629 733 (ut
651 661 724 721 dioit
748 661 828 740 Aug.
844 662 870 722 4.
885 681 949 740 sup.
973 660 1049 721 Gen.
1064 661 1103 720 ad
1119 659 1162 721 tit.
1178 683 1202 722 a.
1219 662 1261 738 3.)

159 777 245 836 qttem
255 774 391 816 aarum
401 757 557 836 prodigal&
572 737 651 817 unde
661 758 805 835 importat
816 757 976 835 quamdam
990 757 1263 831 deta'rrtinutmnem,

154 855 323 914 ,secundum
347 856 482 934 aliquam
503 876 674 915 naumurum.
717 855 759 915 Et
782 855 847 915 ideo
861 840 938 916 siout
951 855 991 926 id,
1006 855 1168 914 seuurtdum
1183 853 1262 933 quud

158 955 379 1015 determinatur
394 955 527 1034 potentia
541 956 685 1015 materiae
697 955 862 1014 seeundum
873 975 934 1014 esse
946 953 1143 1026 adstruitis,
1154 954 1264 1015 dicitur

160 1049 302 1128 qualitas,
316 1071 392 1130 quae
414 1063 458 1112 est
480 1050 647 1130 diffamatia
668 1052 862 1111 mbstmttt'ae:
886 1052 927 1111 ita
951 1051 992 1122 id,
1006 1051 1168 1110 seeundum
1184 1050 1263 1129 quod

163 1147 382 1208 determinatur
397 1148 530 1226 potentia
543 1147 667 1227 subjecti
677 1148 747 1226 (int.
759 1148 927 1208 substantia
937 1151 1088 1228 temptata)
1098 1133 1262 1208 seeundum

163 1263 224 1302 asse
238 1243 420 1316 ooeidmttola,
435 1244 547 1304 dieitur
568 1245 693 1324 qualitas
717 1245 909 1316 woldenstein,
924 1265 1000 1324 quae
1014 1257 1058 1305 est
1071 1246 1162 1304 utiam
1175 1265 1263 1324 quae·

161 1339 234 1398 dam
256 1339 432 1414 differentia,
447 1351 482 1402 ut
504 1350 587 1420 patet
608 1362 661 1420 per
686 1341 911 1421 Philosophum,
930 1343 977 1422 (in
994 1342 1032 1403 V.
1049 1343 1161 1423 Metap.
1177 1353 1262 1404 textu

162 1435 225 1510 119.)

201 1533 331 1596 “Modus
352 1545 453 1596 autern
477 1537 540 1597 sive
562 1537 771 1598 determinatio
793 1537 916 1616 subjecti
938 1537 1101 1597 secundnm
1115 1556 1177 1596 ease
1190 1536 1265 1596 aeci·

157 1631 282 1692 dentale
297 1641 392 1711 potest
405 1633 500 1712 accipi
517 1633 564 1694 vel
579 1633 609 1692 in
625 1633 729 1693 ordine
743 1633 784 1692 od
796 1635 892 1711 ipsam
906 1641 1043 1694 trutanam
1054 1632 1195 1710 stubjeotir
1215 1632 1262 1693 vel

163 1728 325 1788 meandum
351 1731 490 1790 aatmnsm
518 1736 544 1790 a
565 1732 740 1807 patariam
763 1749 839 1808 quaa
866 1739 1089 1808 consequuntur
1116 1727 1265 1808 principia

165 1835 299 1900 naturae,
309 1847 386 1905 quae
399 1839 470 1887 suut
484 1828 610 1887 materia
620 1835 650 1886 et
664 1827 777 1896 lorma;
793 1825 839 1885 vel
853 1825 1017 1886 seeundum
1030 1825 1264 1905 quantitasne.—

201 1923 251 1984 “Si
265 1935 367 1984 autern
382 1924 551 2004 aeripiatur
564 1923 666 1984 modun
676 1923 723 1985 vel
738 1923 947 1983 determinatio
960 1922 1085 2002 subjecti
1098 1919 1261 1981 secuudum

159 2022 358 2099 quantitatem
381 2021 423 2082 sio
448 2031 491 2082 est
515 2031 623 2100 quarta
643 2021 753 2099 speeies
767 2019 929 2099 qualitatis.
971 2019 1013 2079 Et
1027 2019 1098 2098 quia
1112 2018 1265 2097 quantitas

152 2117 320 2178 secundum
334 2118 380 2178 sui
396 2119 541 2178 rationem
556 2117 675 2178 estsine
691 2129 781 2188 motu,
797 2129 826 2176 et
846 2117 908 2176 sina
922 2117 1036 2177 ratione
1057 2115 1167 2175 boniet
1179 2113 1262 2187 mali,

165 2213 231 2272 ideo
244 2213 284 2272 ad
299 2223 438 2292 quartam
461 2213 586 2292 speciem
603 2213 757 2292 qualitatis
774 2233 831 2272 non
857 2213 986 2292 pertinet
999 2211 1077 2290 quod
1094 2211 1208 2290 aliquid
1224 2211 1264 2270 sit

162 2312 234 2370 terte
249 2310 297 2370 vel
311 2311 387 2372 male
399 2311 586 2389 dispositum,
600 2329 654 2369 neo
668 2312 722 2369 aito
737 2311 783 2371 vel
799 2309 882 2370 tarda
895 2309 1048 2370 transiens

205 2405 332 2466 “Modua
343 2418 445 2467 autem
459 2407 523 2466 sive
536 2405 745 2466 determinatio
759 2405 884 2485 subjecti
897 2405 1062 2464 secundum
1083 2405 1221 2464 totamm
1235 2413 1265 2463 et

159 2507 333 2580 paratarma,
348 2504 515 2564 attenditur
537 2503 568 2563 in
582 2503 714 2564 seeunda
734 2503 782 2564 vel
797 2502 886 2563 tertia
906 2501 1003 2582 speeie
1017 2501 1179 2580 qualitatis.
1222 2499 1265 2562 Et

164 2598 232 2658 ideo
247 2599 277 2658 in
302 2612 427 2678 utraque
449 2599 654 2660 consideratur
675 2599 754 2679 quod
777 2599 892 2678 aliquid
907 2599 998 2677 saule
1012 2599 1058 2658 vel
1073 2597 1188 2678 difficile
1202 2597 1264 2672 fiat,

167 2696 213 2756 vel
229 2695 309 2775 quod
323 2697 363 2757 sit
376 2697 430 2757 rito
443 2699 588 2757 &numm
601 2705 655 2757 aut
668 2697 864 2768 diuturnum
878 2707 1049 2757 nouantem
1061 2695 1265 2756 tormideratur

165 2795 193 2852 in
209 2793 256 2853 his
270 2793 385 2872 aliquid
406 2794 557 2873 pertinens
571 2793 610 2854 ad
627 2793 771 2854 rationem
795 2793 864 2854 honi
879 2792 926 2854 vel
942 2792 1024 2864 mali,
1039 2793 1110 2872 quia
1124 2803 1221 2854 motus
1234 2801 1265 2854 et

161 2889 311 2967 passiones
333 2909 393 2950 non
415 2889 528 2950 hahent
548 2890 691 2950 rutmnem
707 2889 790 2969 finis.
833 2887 952 2949 Bonum
975 2899 1075 2949 autem
1097 2897 1128 2948 et
1150 2888 1261 2949 malum

160 2985 274 3046 dicitur
287 3005 341 3065 per
355 2995 518 3065 respectum
535 2986 574 3046 ad
588 2985 686 3046 linem.

203 3081 281 3142 “Sed
295 3081 397 3142 nudam
409 3093 440 3142 et
461 3081 671 3142 determinatio
693 3081 817 3160 subjecti
834 3082 863 3140 in
879 3081 983 3141 ordine
997 3081 1038 3140 od
1060 3089 1198 3142 antarum
1211 3083 1264 3156 rei,

165 3177 292 3256 partinet
305 3179 345 3238 ad
359 3179 487 3258 primam
502 3181 630 3258 speeiem
644 3179 808 3258 qualitatis,
823 3188 957 3257 quaeest
971 3177 1103 3240 Habitus
1115 3190 1145 3239 et
1159 3179 1264 3258 Draps-

158 3276 464 3338 manicheum
489 3276 690 3355 Philosophus
715 3275 757 3354 (7.
783 3275 872 3355 Phys.
896 3283 956 3338 tex.
983 3277 1044 3353 17.)
1067 3297 1103 3338 ac
1126 3277 1264 3356 deinoeps

165 3373 292 3452 loquens
305 3373 344 3434 de
356 3371 511 3434 habitibus
524 3373 645 3434 animae
658 3383 688 3433 et
702 3373 844 3452 corporis,
858 3373 939 3452 quod
959 3383 1030 3432 sunt
1050 3373 1268 3452 “dispositrhnm

163 3469 306 3548 paredam
315 3471 436 3548 perpetu
449 3468 489 3528 ud
503 3472 659 3547 optimum·
681 3468 744 3528 dito
759 3477 854 3528 autem
863 3469 990 3547 persenti,
1005 3468 1081 3549 qaod
1093 3476 1133 3530 ost
1146 3469 1264 3548 depost

162 3575 222 3626 nrm
237 3559 393 3627 aeneadum
407 3573 553 3627 naturam
597 3566 639 3626 Et
650 3565 721 3645 quia
731 3567 797 3645 ipsa
807 3567 904 3627 forma
914 3577 944 3626 et
955 3577 1064 3626 natura
1076 3566 1116 3626 rei
1131 3568 1263 3646 estflat'a,

165 3672 195 3725 et
208 3665 293 3744 eujus
314 3683 406 3724 eausa
419 3661 455 3723 fit
468 3662 593 3742 aliquid,
607 3665 658 3738 (ut
677 3662 789 3722 dicitur
802 3662 833 3721 in
849 3663 875 3723 2.
891 3661 982 3742 Phys
997 3671 1056 3723 tex.
1073 3663 1135 3739 23.)
1151 3663 1217 3723 ideo
1231 3663 1261 3722 in

161 3761 265 3837 prima
277 3761 376 3839 speria
398 3760 603 3820 consideratur
617 3769 646 3819 et
667 3760 784 3820 Bruma
798 3775 828 3819 et
848 3759 972 3832 Malam,
986 3771 1016 3819 et
1030 3761 1121 3820 etiam
1127 3760 1220 3840 sarilo
1234 3769 1265 3822 et

162 3857 279 3936 difficile
294 3855 412 3928 mobile,
427 3857 589 3917 seeundum
605 3857 685 3936 quod
699 3857 803 3936 aliqua
817 3866 927 3917 natura
937 3857 1062 3936 estfiar'a
1070 3859 1266 3936 ymnorum

161 3965 192 4014 ot
205 3961 305 4016 mutua
347 3953 438 4016 Unde
453 3955 498 4032 (in
514 3956 540 4014 5.
557 3954 670 4034 Metap.
687 3967 745 4015 tex.
762 3957 824 4031 25.)
848 3955 1048 4035 Philosophus
1061 3955 1166 4017 delinit
1182 3956 1265 4018 habi-

157 4065 238 4123 tum,
252 4051 332 4130 quod
346 4063 391 4111 est
404 4051 552 4130 dapositt'o
565 4053 723 4112 seeundum
737 4073 823 4133 mam
838 4053 945 4133 aliquia
959 4053 1211 4132 dispuntantem
1222 4055 1267 4116 ael

160 4149 237 4210 maht
245 4171 256 4220 ,·
277 4161 308 4210 et
321 4149 365 4226 (in
382 4150 409 4210 2.
434 4149 533 4210 Ethie.
556 4170 580 4210 c.
604 4153 631 4210 4.
657 4151 719 4212 sive
734 4152 761 4213 5.
785 4171 890 4229 parum
914 4173 934 4212 a
958 4145 1066 4230 princ.)
1088 4151 1264 4232 dicitquod

157 4245 283 4307 habitus
296 4258 367 4307 sunt
380 4247 538 4308 amandum
552 4269 621 4329 quos
632 4247 672 4308 ad
680 4250 830 4327 pastiones
843 4249 1040 4311 attitulemus
1049 4251 1120 4312 buta
1128 4251 1263 4314 odam.

159 4341 295 4419 Quando
315 4345 395 4404 enim
410 4354 454 4405 est
468 4345 574 4406 modus
594 4348 763 4406 manentem
782 4357 909 4408 naturae
922 4347 974 4419 roi,
988 4347 1166 4411 tuno‘haltet
1178 4351 1265 4412 rata
