3118 4956
471 435 518 494 m
545 433 639 494 rma
662 432 770 493 uma
797 431 978 510 operiam.

213 629 374 690 asa-Ex
397 629 451 702 his,
466 649 543 708 quae
558 629 616 688 huc
632 648 724 707 usque
737 628 879 701 diximus,
894 627 1030 706 colliges:

211 725 451 788 Prima—Haec
465 725 614 804 principia
635 745 771 786 normam
787 725 980 804 suppeditant
1000 727 1170 786 inveniendi
1187 728 1274 788 medi-

170 845 223 882 um
237 823 391 884 terminum
404 822 444 883 ad
459 823 574 902 aliquid
589 822 787 902 probandum.
816 823 861 882 cf.
877 823 1040 884 Auctorem
1051 825 1090 902 (c.
1106 841 1154 884 111,
1169 845 1196 884 a.
1213 826 1273 902 10.)

210 921 485 982 Secunda—Haec
514 921 661 1000 principia
690 941 748 980 non
776 932 855 992 sunt,
870 919 926 980 nisi
951 919 1115 999 applicatio
1142 922 1272 982 duorum

171 1018 386 1096 principiorum
410 1018 576 1078 Iderititatia
588 1037 635 1077 sc:
657 1028 687 1077 ct
708 1017 930 1094 Ducrepaatiae
944 1017 983 1076 ad
999 1017 1098 1076 varias
1112 1017 1180 1078 illas
1200 1018 1274 1096 figu-

169 1138 226 1176 ras.
268 1116 317 1176 Sic
343 1137 369 1176 v.
395 1138 422 1196 g.
449 1115 597 1195 principia
623 1115 675 1174 illa
698 1112 890 1192 duo,quibus
916 1112 995 1173 modi
1021 1113 1135 1191 primae
1159 1113 1273 1193 figurae
1327 1154 1333 1172 .

171 1223 327 1290 reguntur,
341 1223 410 1273 sunt
433 1213 535 1272 eadem
551 1232 586 1271 ac
607 1211 667 1270 duo
694 1209 747 1270 illa
773 1209 929 1288 principia,
945 1209 1062 1268 Dictum
1087 1209 1122 1270 de
1143 1215 1222 1270 omui
1244 1223 1274 1272 et

172 1309 289 1368 Dictum
312 1309 347 1369 de
368 1310 448 1368 uallo
470 1311 513 1387 (a.
529 1309 629 1383 207.);
653 1329 721 1368 nam
738 1308 881 1386 affimaori
901 1307 936 1367 de
950 1307 1071 1386 adjecto
1086 1309 1162 1369 idern
1181 1325 1224 1371 est
1239 1333 1274 1372 ac

167 1403 318 1466 includere
331 1405 427 1464 tum:
448 1405 553 1484 aepari
568 1425 637 1464 vero
652 1404 688 1464 de
702 1404 799 1483 aliquo
813 1403 891 1462 idem
906 1413 958 1476 est,
972 1424 1008 1464 ac
1022 1405 1170 1466 excludere
1190 1408 1273 1468 iliud.

171 1499 257 1560 Idem
272 1501 329 1574 dic,
345 1501 533 1580 proportione
547 1511 674 1572 servata,
690 1500 727 1560 de
741 1499 808 1559 aliis
822 1499 983 1580 principiis.
1006 1499 1160 1580 Principia
1173 1515 1272 1564 autem

171 1597 362 1671 universalia,
376 1619 454 1678 quae
467 1619 506 1658 ex
520 1599 585 1677 ipsa
599 1609 708 1658 natura
723 1596 871 1657 ratiocinii
893 1597 1077 1670 derivantur,
1093 1599 1176 1660 nullo
1191 1601 1274 1661 habi-

169 1703 201 1753 to
215 1693 254 1753 ad
277 1694 442 1774 figurarum
467 1695 626 1762 discrimen
652 1703 793 1772 respectu,
808 1692 862 1752 illa
883 1694 943 1752 duo
963 1703 1033 1753 sunt
1055 1695 1202 1774 principia
1224 1718 1273 1756 sc:

175 1793 340 1852 identitatis
354 1803 384 1853 et
398 1791 629 1870 Disercpaatiae,
644 1791 680 1850 de
695 1790 804 1870 quibus
817 1811 909 1869 supra
925 1789 959 1868 (l.
975 1791 1013 1868 c.)
1030 1792 1152 1870 egimus.
1233 1793 1241 1818 ⁶

212 1888 467 1949 Tertia—Prima
476 1888 575 1966 figam
586 1889 663 1947 inter
674 1897 805 1948 caeteras
820 1887 1074 1965 praestantissima
1089 1899 1139 1948 est
1173 1889 1252 1950 Nam
1267 1913 1273 1950 :

171 1985 406 2061 ‹al-Conclusio
419 1995 463 2046 est
477 1985 508 2044 in
522 2006 558 2045 ea
580 1984 669 2064 plane
683 1985 813 2056 evidens,
829 2005 882 2044 nec
896 1985 955 2042 cillo
976 1985 1069 2044 medio
1084 1985 1276 2046 demonstrari

166 2089 259 2158 potest
272 2081 355 2141 illam
372 2101 433 2142 csse
447 2081 609 2141 necessario
624 2080 853 2152 admittendam,
868 2080 970 2158 positis
984 2081 1159 2158 praemissis
1201 2083 1274 2156 ὸ)-

172 2178 292 2239 Medius
306 2180 450 2239 terminus
464 2177 730 2238 naturalemsedem
742 2177 773 2236 iu
783 2198 818 2236 eo
829 2164 960 2236 obtinuit:
976 2177 1137 2238 cmitiaetm·
1146 2199 1274 2258 namque

172 2277 201 2336 in
219 2297 277 2337 uno
291 2287 494 2336 extremorum
509 2285 538 2334 et
551 2273 680 2334 alterurn
695 2275 818 2332 cominu
834 2273 897 2350 (nn.
913 2274 960 2332 40.
976 2273 1069 2349 235).
1097 2275 1167 2351 c)—
1174 2275 1275 2335 &nais

168 2371 311 2431 coacitaio
326 2381 421 2450 potest
435 2391 487 2450 per
501 2369 631 2449 aliquem
649 2370 769 2430 modum
786 2370 900 2448 primae
914 2369 1029 2448 figurae
1043 2372 1182 2449 probari3
1205 2393 1272 2433 cum

171 2487 224 2546 per
237 2469 397 2528 secundam
422 2468 538 2528 nonnisi
552 2468 711 2546 nequiciae,
727 2487 779 2545 per
792 2468 910 2528 tertiam
927 2488 997 2527 vero
1012 2469 1129 2528 nonnisi
1145 2473 1275 2547 partim

171 2565 246 2624 iares
272 2555 470 2625 demonstrari
498 2575 628 2643 possunt.
673 2563 878 2640 Quamobrem
909 2565 988 2624 modi
1018 2551 1132 2646 primae
1160 2567 1281 2645 figurae¹

165 2661 235 2738 jure
245 2660 411 2740 meritoque
415 2661 536 2740 perfecti
546 2681 582 2722 ac
587 2683 645 2740 per
654 2683 683 2721 ce
694 2661 850 2733 eniienim
865 2663 954 2722 ceteri
964 2683 1034 2723 vero
1045 2665 1201 2742 imperfecti
1206 2666 1275 2744 jure

171 2757 334 2836 meritoque
354 2779 373 2818 a
394 2758 544 2818 ‘veteribus
565 2771 786 2838 nuncupantur.
830 2759 913 2821 Inter
935 2763 1079 2839 perfectos
1102 2783 1171 2822 vero
1194 2765 1272 2825 modi

169 2854 230 2914 duo
255 2856 366 2934 priores
390 2855 530 2915 Barbara
552 2878 601 2916 sc:
630 2865 660 2916 et
690 2857 822 2919 C'eiareat
846 2858 1009 2937 primatum
1034 2859 1186 2922 obtinent:
1209 2873 1271 2922 tum

169 2951 242 3030 quia
255 2951 412 3012 clarissimi
425 2962 496 3012 sunt
516 2967 546 3012 et
560 2962 740 3030 structuram
763 2951 936 3032 Syllogismi
957 2954 1100 3033 simplicis
1122 2957 1270 3026 referunt:

168 3061 234 3112 tum
249 3051 321 3130 quia
334 3049 557 3121 demonstratio,
570 3050 634 3109 sive
648 3049 839 3121 affirmativa,
852 3051 916 3110 sive
929 3051 1071 3129 negativa
1085 3073 1138 3130 per
1150 3052 1217 3113 illos
1230 3053 1272 3114 fit.

169 3147 215 3208 Of.
230 3147 259 3208 S.
275 3147 422 3209 Thomam
438 3147 501 3225 (De
514 3147 694 3227 Syllogismo
710 3147 954 3209 Demonstrativo
968 3169 1009 3210 aa
1025 3149 1052 3210 9.
1067 3161 1097 3210 et
1112 3151 1212 3226 10.-)

600 3513 613 3538 0
680 3412 758 3485 511.

250 3601 415 3645 REDUOE'IO
436 3599 601 3644 MODORUM
624 3601 776 3644 namnum
800 3601 997 3644 arduanium
1021 3603 1066 3643 AD
1088 3603 1196 3646 MODOS

628 3753 652 3813 Ι.
675 3753 815 3832 Figurae.

211 3913 278 3972 252.
320 3912 397 3973 Cum
408 3933 509 3972 ornnes
521 3913 601 3972 modi
613 3915 754 3992 cujusque
768 3912 882 3992 figurae
897 3915 1024 3993 propriis
1034 3937 1070 3976 ac
1085 3917 1273 3980 evidentibus

170 4011 325 4092 principiis
350 4011 528 4085 innitantur,
554 4010 688 4071 ulteriori
714 4031 749 4070 ac
774 4010 916 4070 indirecta
941 4012 1189 4074 dimonstratione
1213 4037 1272 4078 non

171 4108 324 4187 indigent:
347 4107 451 4186 nequit
465 4108 544 4168 enirn
560 4127 618 4166 non
641 4106 773 4186 legitime
787 4107 964 4168 concludere
979 4107 1018 4180 id,
1033 4109 1113 4188 quod
1127 4111 1157 4170 ui
1170 4113 1274 4173 talium

164 4206 383 4288 principiorum
396 4203 557 4264 concludit.
601 4203 726 4274 Verum,
741 4224 809 4263 cum
825 4204 1000 4265 Aristoteles
1014 4225 1072 4265 non
1089 4207 1145 4266 nisi
1160 4209 1274 4286 primae

169 4303 284 4383 figurae
299 4302 455 4382 principio
474 4301 680 4380 assignaverit,
695 4311 918 4380 oeterorumque
933 4302 1087 4362 modorum
1103 4305 1142 4364 ad
1159 4305 1185 4366 2.
1201 4319 1231 4367 et
1246 4309 1272 4370 3.
