3138 4956
841 431 960 510 aaa.

385 631 506 692 Exinde
520 631 563 703 lit,
578 629 656 709 quod
671 629 828 702 Scientiae,
840 629 917 689 inter
930 650 1004 709 quas
1016 629 1097 706 viget
1112 627 1265 707 praedicta
1279 624 1455 704 dependen-

346 731 397 801 tia,
411 750 461 790 seu
476 728 702 801 subalternatio,
718 727 847 789 debeant
867 747 927 788 esse
941 727 1077 788 dicerem.
1119 725 1210 797 Nam,
1224 726 1278 786 etsi
1294 727 1323 786 in
1339 724 1451 784 eedem

344 826 467 886 seientia
491 825 529 885 sit
553 824 751 904 dependentia
776 825 863 883 unius
888 823 1083 884 conclusionis
1107 823 1146 882 ab
1171 820 1266 882 altera
1292 841 1386 900 usque
1412 820 1454 878 ad

346 925 443 1001 prima
457 923 614 1002 principia,
629 942 689 983 non
711 933 810 982 tamen
834 921 907 980 baec
921 921 1045 980 scientia
1058 919 1117 979 diei
1142 928 1237 997 potest
1251 917 1298 977 vel
1313 915 1454 985 totaliter,

349 1021 395 1080 vel
419 1021 588 1098 partialiter
609 1018 833 1080 subalternata:
855 1019 935 1096 quia,
960 1018 1077 1077 tametsi
1102 1036 1162 1076 una
1184 1015 1334 1095 conclusio
1356 1013 1449 1073 alteri

347 1117 395 1177 vel
409 1119 470 1195 ejus
484 1115 729 1176 demonstrationi
749 1114 969 1186 subordinatur,
984 1125 1083 1174 tamen
1098 1114 1224 1173 absoluta
1245 1123 1308 1174 tota
1321 1113 1453 1172 seientia

348 1234 404 1272 nou
434 1213 517 1272 ultori
544 1212 802 1290 criminamini,
829 1211 879 1270 sed
902 1209 1064 1269 immediate
1090 1209 1206 1268 habitui
1230 1207 1451 1286 principiorum

345 1309 566 1370 subordinatur.
608 1307 659 1368 Ad
670 1308 955 1368 subalternationem
970 1307 1063 1386 igitur
1078 1307 1255 1384 requiritur:
1281 1307 1381 1363 l.—ut
1395 1304 1453 1362 sei-

347 1405 444 1465 entiae
466 1405 681 1482 (meballmnans
703 1425 752 1464 sc:
774 1415 804 1464 et
825 1403 1033 1479 ntbnlirmtata)
1056 1403 1117 1462 sint
1138 1401 1307 1470 dictrictae·
1327 1414 1356 1458 et
1380 1401 1454 1458 2.-

349 1489 428 1578 quod
444 1500 597 1580 praedicta
610 1500 817 1561 subordinatic
831 1501 919 1559 unius
940 1499 979 1559 ab
990 1499 1051 1558 alia
1067 1499 1097 1556 iu
1112 1519 1168 1557 esse
1181 1498 1316 1556 mannae
1340 1495 1453 1556 habea-

348 1609 404 1658 tur.
446 1597 602 1675 Contingit
616 1617 687 1658 vero
702 1597 851 1657 interdum
865 1597 1018 1657 seientiam
1039 1596 1173 1674 aliquam
1189 1616 1248 1654 nou
1263 1595 1293 1654 in
1308 1595 1453 1654 omnibus

346 1696 407 1756 suis
422 1696 575 1774 principiis
589 1716 683 1775 neque
697 1697 728 1755 in
744 1697 877 1780 omnium
893 1695 1114 1755 conclusionum
1133 1693 1450 1758 demonstrationibm,

346 1792 396 1850 sed
412 1793 442 1850 in
458 1791 637 1870 quibusdam
659 1803 777 1853 tantum
799 1792 877 1853 hanc
898 1791 1125 1871 dependentiam
1149 1791 1187 1850 ab
1202 1790 1264 1850 alia
1285 1791 1407 1863 babere,
1422 1801 1452 1848 et

349 1897 420 1947 tunc
434 1887 488 1947 illa
504 1908 561 1947 non
585 1889 716 1961 totalitm,
729 1889 780 1950 sed
801 1891 965 1968 partialiter
989 1889 1075 1949 alteri
1099 1889 1305 1948 subalternam
1328 1888 1452 1955 dieitur,

350 1983 599 2060 quemadmodum
622 1985 769 2064 contingit
784 1985 813 2044 in
836 1987 1008 2062 geometria,
1023 1996 1154 2064 respectu
1178 1984 1386 2063 philosophiae
1402 2005 1453 2043 na·

351 2080 465 2140 tutelis.

393 2175 601 2255 Dependentia
622 2189 733 2252 autem,
746 2179 784 2240 de
797 2190 911 2258 quaest
931 2199 1035 2250 senno,
1051 2181 1121 2238 oriri
1143 2179 1218 2239 solet
1232 2201 1265 2238 ea
1278 2179 1455 2238 mborda‘no-

350 2275 425 2332 tiorta
446 2273 622 2352 objectorunt.
664 2275 745 2336 Nam
766 2277 843 2337 sicut
864 2298 920 2338 esse
939 2278 1073 2338 aciattioa
1094 2277 1226 2336 eottsistit
1239 2279 1272 2335 in
1293 2275 1400 2336 ordine
1414 2276 1453 2333 ad

350 2369 494 2447 objectum,
520 2371 561 2430 itu
589 2382 619 2431 ct
642 2373 790 2452 principia
813 2385 883 2433 suut
905 2372 951 2432 illi
974 2375 1206 2451 proportionata.
1249 2375 1413 2448 Quocirca,
1428 2373 1450 2430 si

351 2467 467 2545 objecta
481 2467 610 2528 duarum
624 2470 816 2530 scientiarum
831 2491 890 2530 non
905 2481 975 2530 sunt
987 2472 1067 2530 inter
1079 2490 1109 2529 se
1120 2469 1316 2528 subordinate
1332 2475 1451 2547 <utpote

350 2587 458 2642 genera
471 2577 502 2626 et
515 2569 625 2646 species
638 2569 761 2628 omnino
775 2569 949 2645 condierant)
966 2569 1044 2627 inter
1066 2567 1119 2626 has
1144 2567 1281 2626 scientias
1297 2585 1370 2625 nera
1392 2585 1450 2624 non

350 2663 700 2727 dabitursubordinatio.
744 2665 926 2744 Hujusmodi
950 2685 1038 2743 porro
1061 2665 1229 2742 obiectmum
1251 2661 1451 2722 arbordimrtio

351 2761 382 2820 in
396 2781 430 2820 eo
443 2761 501 2821 sita
515 2772 567 2834 eat,
582 2761 662 2840 quod
676 2762 824 2840 objectum
849 2761 937 2822 unius
950 2761 989 2822 sit
1002 2760 1078 2820 mon
1092 2781 1128 2820 ae
1153 2759 1302 2838 objectum
1318 2758 1450 2822 alterius.

351 2857 467 2937 adjecta
488 2857 592 2937 aliqua
612 2857 779 2936 daffmrrtin
803 2857 982 2930 accidentali,
996 2877 1073 2935 qnae
1095 2856 1126 2914 in
1149 2877 1205 2915 me
1228 2855 1315 2914 Eram
1336 2853 1376 2912 sit
1396 2874 1451 2930 per

351 2955 489 3026 aaeidetra
505 2955 534 3014 in
550 2977 608 3016 ease
622 2965 722 3016 autem
737 2955 843 3016 scibilia
855 2956 894 3016 sit
908 2955 1010 3034 aliquo
1025 2954 1113 3014 modo
1127 2964 1269 3032 peraret
1289 2952 1450 3012 constituat

351 3051 472 3130 mariale
487 3051 634 3131 objectum
649 3051 883 3114 scibile-Nam
899 3051 1020 3131 quando
1034 3051 1150 3130 objecta
1164 3048 1305 3110 scientiae
1316 3047 1450 3112 subordi-

352 3159 463 3208 nantur
486 3147 576 3208 etiam
600 3150 630 3208 in
654 3171 711 3209 ease
733 3152 786 3221 rei,
802 3161 835 3210 ut
858 3159 931 3228 puta
953 3169 1046 3228 genus
1068 3147 1115 3208 vel
1141 3147 1259 3227 species,
1273 3146 1409 3225 superius
1423 3155 1450 3203 et

352 3243 474 3304 inferius
498 3245 692 3317 maritaliter,
706 3227 846 3307 scientiae
861 3245 933 3306 illas
946 3265 1005 3306 non
1022 3255 1143 3325 possunt
1157 3263 1217 3304 esse
1230 3242 1451 3307 subordinatas,

351 3339 456 3400 saltem
472 3341 612 3401 totaliter:
632 3343 779 3422 siquidem
794 3343 841 3403 vel
856 3343 895 3403 ad
910 3343 1037 3403 eamden
1050 3343 1198 3402 aoiantmm
1210 3340 1369 3418 pertinent,
1383 3336 1407 3396 si
1421 3339 1448 3396 in

352 3440 456 3500 eadem
481 3452 551 3500 sunt
575 3441 775 3502 abstractione
800 3453 845 3520 (n.
870 3443 971 3518 342.);
994 3441 1040 3500 vel
1068 3450 1156 3510 certe,
1170 3439 1195 3497 si
1220 3435 1362 3497 scientiae
1383 3444 1450 3494 sunt

353 3537 497 3608 diversae,
517 3540 574 3598 erit
594 3545 715 3618 unaque
738 3539 1042 3616 relabentem-quia
1064 3531 1191 3614 utraque
1213 3533 1305 3594 habet
1328 3534 1449 3611 propria

350 3637 509 3713 primnpia
524 3655 600 3714 quae
624 3635 823 3696 desumuntur
843 3657 877 3695 ae
894 3637 1019 3714 propria
1043 3633 1210 3712 ditionum
1225 3629 1350 3719 objecti,
1373 3627 1448 3708 quod

355 3731 531 3805 comiderat,
546 3732 593 3792 vel
608 3753 642 3792 aa
659 3737 760 3811 priam
781 3735 924 3812 passione,
939 3752 1047 3811 perque
1068 3751 1103 3791 ea
1126 3730 1332 3789 demonstrare
1346 3725 1449 3804 poterit

354 3839 464 3890 ceteras
475 3829 686 3902 conclusiones,
696 3851 773 3909 quae
784 3831 821 3890 de
831 3793 1040 3910 posterioribus
1052 3826 1237 3907 passionibus
1246 3825 1450 3884 conficiuntur.

354 3926 404 3986 Sic
428 3947 453 3986 v.
479 3947 507 4004 g.
532 3927 656 3986 seientia
680 3927 716 3987 de
740 3927 862 3998 bomine,
887 3947 946 3986 nou
971 3925 1137 3985 considerat
1165 3941 1242 4000 quae
1270 3919 1447 3980 conveniunt
1535 3947 1536 3998 3

355 4021 478 4093 homini,
493 4032 527 4081 ut
540 4023 654 4082 animal
665 4033 718 4094 est,
728 4022 779 4083 sed
795 4034 828 4083 ut
841 4023 993 4082 rationalis
1004 4031 1065 4092 est;
1085 4032 1115 4080 et
1129 4020 1160 4079 in
1175 4019 1221 4078 bis
1235 4037 1295 4077 non
1309 4015 1451 4076 subalter-

355 4129 445 4180 natur
457 4117 597 4178 scientiae
612 4119 647 4178 da
660 4120 805 4178 antonii:
820 4139 890 4178 narn
904 4139 965 4178 esse
979 4115 1125 4178 rationale
1137 4113 1299 4174 immediate
1313 4109 1451 4191 competit
1535 4141 1536 4166 t

356 4215 478 4288 bomini,
486 4235 524 4274 ex
536 4235 629 4294 eoque
640 4216 786 4294 principio
797 4227 910 4276 ceterae
921 4217 1079 4295 passiones,
1089 4233 1165 4294 quae
1175 4212 1300 4284 homini,
1310 4224 1453 4290 quatenus

353 4313 435 4374 bonta
446 4323 500 4384 est,
509 4301 701 4385 conveniunt,
711 4313 895 4374 derivantur.
930 4313 1054 4389 Quodsi
1066 4310 1212 4391 quaedam
1223 4309 1283 4370 sint
1295 4308 1451 4388 pastona.
