3118 4956
658 883 701 942 Dc
717 883 791 944 Loco
807 884 942 942 llrrtium
957 889 981 942 rt
1001 883 1105 942 Totius.

369 1060 434 1119 283.
477 1059 560 1135 Quid
575 1072 604 1120 et
625 1059 788 1138 quotuplex
804 1060 842 1119 sit
865 1059 973 1119 Totum
1000 1062 1064 1134 (nn.
1091 1061 1155 1118 114.
1182 1059 1262 1130 119.)
1286 1058 1421 1118 diximus.

329 1157 378 1216 Ad
395 1177 480 1216 usum
493 1176 561 1216 vero
578 1157 731 1235 utriusque
745 1156 802 1216 loci
817 1156 897 1235 quod
911 1167 1034 1234 spectat,
1046 1156 1179 1228 observa,
1191 1155 1312 1234 quando
1325 1154 1424 1233 agitur

327 1255 363 1313 de
377 1265 621 1332 argumentorum
637 1252 816 1325 inventione,
829 1255 944 1313 nonnisi
960 1254 997 1312 de
1011 1252 1122 1333 triplici
1137 1251 1213 1312 Toto
1225 1251 1367 1311 caecidiulr'
1377 1271 1420 1310 sc:

324 1351 448 1430 phyma,
464 1351 602 1428 iideproli
615 1361 644 1410 et
665 1351 823 1410 universali
847 1350 881 1410 fit
896 1352 1006 1410 mentio
1020 1361 1049 1410 ct
1062 1337 1140 1410 ¹ursus.
1184 1334 1336 1426 Quoniam
1353 1369 1420 1409 vero

327 1448 365 1507 ad
380 1446 650 1526 argumentandum
673 1447 775 1506 eadem
791 1458 834 1507 est
849 1446 893 1506 vis
914 1446 1009 1505 Totius
1030 1447 1185 1505 essentialis
1199 1446 1320 1525 ejusque
1333 1445 1421 1523 parti-

329 1566 388 1618 um,
402 1557 432 1605 et
445 1547 530 1604 totius
543 1543 695 1622 intepralc
708 1554 738 1603 et
752 1544 883 1622 partium
899 1543 1090 1621 integralium
1107 1543 1192 1621 (quia
1206 1553 1368 1620 utrumque
1381 1551 1422 1601 est

326 1641 435 1702 Totum
464 1639 582 1701 actuale
609 1653 638 1701 et
665 1651 764 1720 partes
793 1641 888 1719 reipsa
916 1640 1070 1700 distinctas
1098 1639 1220 1716 hobct);
1249 1639 1360 1700 idcirco
1387 1639 1422 1698 de

327 1740 440 1820 duplici
463 1739 538 1800 Toto
561 1739 700 1818 inteprali
720 1760 769 1800 sc:
791 1751 820 1799 et
841 1739 1000 1798 uri-ivereoli
1021 1748 1050 1797 et
1072 1737 1109 1797 de
1132 1731 1264 1816 utrisque
1289 1735 1422 1815 pertibus

330 1837 536 1898 tautummodo
550 1836 714 1916 loquemur.

369 1934 461 1995 Porro
471 1937 605 2014 partium
621 1936 805 2014 inteprolium
818 1955 886 1994 usus
898 1933 1013 1994 duobus
1025 1932 1229 2012 pronunciatis
1240 1930 1423 1990 continetur:

307 2101 318 2112 ·
378 2031 559 2092 1.-P0dru
572 2033 704 2092 monibus
718 2031 854 2110 portibus
870 2029 1067 2108 inleprclt'btw,
1083 2030 1207 2106 ponitur
1226 2027 1345 2086 Tolum:

369 2128 572 2189 [Ie-Sublato
587 2149 761 2209 proceroque
770 2135 857 2206 porte
872 2129 1042 2205 inteprarrtc,
1057 2125 1166 2184 tollitur
1185 2123 1292 2183 Tolum.

367 2225 403 2284 In
419 2224 525 2284 harum
550 2225 750 2284 maximarum
775 2245 828 2283 usu
853 2223 911 2282 tria
932 2235 1002 2281 sunt
1025 2217 1421 2280 observanda.--Prin10:-

331 2321 503 2400 Aliquando
526 2341 639 2381 nece-:se
663 2330 715 2392 est,
738 2331 772 2380 ut
797 2333 895 2400 partes
921 2322 1101 2396 inleprootm,
1116 2337 1154 2377 ex
1180 2315 1289 2395 quibus
1314 2313 1420 2374 Totum

327 2419 526 2498 colligendum
549 2431 600 2490 est,
623 2417 831 2496 intelligentur
851 2423 924 2476 certo
946 2414 1068 2496 quodam
1091 2413 1194 2473 ordine
1215 2411 1421 2490 dispositae.—

327 2515 463 2575 Seonndo
475 2513 642 2574 :-snblata
655 2513 761 2592 quavis
777 2525 860 2591 porte
875 2515 1051 2590 integrante,
1062 2509 1180 2570 tollitur
1193 2507 1313 2578 Totum,
1325 2519 1421 2585 quate·

328 2632 383 2670 nus
397 2612 541 2690 *intepuere
555 2621 615 2681 est;
638 2630 695 2669 non
711 2629 911 2687 verosempor
925 2629 960 2667 ac
981 2605 1144 2666 necessario
1160 2605 1230 2683 (nisi
1246 2625 1316 2682 pars
1330 2623 1420 2662 neces

326 2699 404 2766 sarie
426 2707 478 2782 sit)
496 2706 619 2766 tollitur
641 2727 694 2778 res,
717 2727 790 2786 ptrue
814 2708 927 2782 intepro
950 2701 1421 2770 dicitnr.-—Terti0:-attributa‚

327 2825 403 2881 «puae
425 2803 462 2863 de
485 2814 547 2863 toto
569 2823 606 2862 ex
630 2802 766 2882 partibus
788 2801 1018 2873 concluduntur,
1034 2800 1081 2860 vel
1107 2798 1294 2868 refelluntur,
1317 2797 1422 2857 debent

326 2923 385 2960 esee
399 2912 429 2960 et
442 2901 578 2979 partibus
591 2911 621 2960 et
635 2901 689 2961 toti
704 2903 866 2960 communia
874 2923 884 2970 ;
899 2921 957 2960 non
973 2910 1072 2960 auteur
1083 2899 1209 2978 proprii
1221 2897 1268 2958 vel
1285 2897 1421 2978 partium,

326 2996 370 3056 vel
393 2994 497 3055 Totius
512 2998 554 3073 (n.
570 2996 661 3072 201.).

372 3091 468 3152 Totius
489 3092 638 3170 irdeprolr'e
659 3114 728 3154 usus
742 3093 859 3154 duobus
881 3095 993 3173 pariter
1015 3094 1154 3154 maximis
1169 3093 1355 3154 continetur:
1376 3115 1420 3152 ec:

377 3187 400 3248 I.
411 3188 548 3248 —Poailo
562 3195 616 3248 loto
630 3193 749 3268 intrpm,
762 3199 913 3268 poneretur
927 3213 1021 3251 omncs
1036 3199 1145 3269 portes.

368 3283 568 3345 lle—Sublato
582 3293 636 3345 toto
649 3287 770 3365 intepra
785 3287 883 3368 clipeo
897 3289 996 3348 collon
1005 3308 1079 3366 pars
1093 3289 1155 3367 pus
1168 3289 1285 3349 tollitur.

367 3383 437 3443 Duo
452 3383 551 3461 priora
567 3385 765 3462 pronunciata
778 3399 847 3445 sunt
862 3384 1029 3458 utilissime,
1043 3385 1105 3444 sive
1120 3384 1158 3445 sd
1174 3384 1421 3454 concludendum,

329 3478 373 3537 vel
390 3477 583 3538 refellendum
599 3499 660 3540 esse
674 3478 796 3552 Totius;
811 3481 874 3540 sive
888 3481 927 3540 ad
941 3479 1152 3558 colligendum,
1168 3480 1215 3541 vel
1231 3479 1419 3559 rejiciendum

326 3575 457 3654 aliquod,
472 3575 550 3653 qnod
566 3575 623 3654 ipsi
637 3577 789 3637 tribuitur.
832 3577 975 3656 Exempli
997 3577 1096 3656 gratia
1109 3597 1147 3637 ex
1162 3576 1322 3638 existentia
1336 3577 1423 3656 porti·

327 3691 387 3743 nm,
401 3671 589 3731 existentiam
600 3671 725 3756 Totius,
740 3683 793 3734 sut
807 3695 845 3734 ex
869 3694 927 3733 non
949 3673 1107 3734 existentia
1131 3673 1261 3753 partium
1277 3693 1335 3733 oon
1350 3672 1422 3734 eris

327 3768 450 3828 tentiam
476 3767 580 3830 Totius
604 3769 741 3850 colliges:
763 3771 875 3850 pariter
900 3791 937 3832 ex
959 3791 1003 3844 eo,
1027 3771 1106 3850 qnod
1131 3771 1243 3844 anima,
1265 3782 1296 3832 et
1320 3791 1424 3850 corpus

328 3865 518 3944 perfruentur
530 3877 652 3927 aeterna
674 3867 867 3941 beatitudine,
877 3869 946 3948 jure
960 3869 1067 3929 inferes
1081 3869 1231 3930 homiuem
1247 3869 1349 3929 adem
1365 3889 1424 3928 eam

327 3965 505 4024 liniturum:
527 3984 618 4043 quam
632 3966 850 4026 conclusionem
873 3965 1003 4027 refutare
1016 3966 1134 4045 poteris,
1149 3961 1330 4026 ostendendo
1345 3985 1424 4043 prae

326 4063 459 4124 dicatum
474 4083 533 4123 nou
549 4062 707 4123 convenire
721 4062 856 4124 alterutri
873 4061 1106 4142 partium—Ex
1125 4064 1223 4141 priori
1231 4061 1424 4140 procurrcioto

326 4169 368 4218 eet
391 4156 539 4223 illudffls.
565 4157 631 4218 138.
673 4157 763 4236 “Quo
788 4159 990 4238 iboaspiritu
1014 4161 1086 4220 tuol
1107 4170 1136 4219 et
1160 4179 1253 4238 quoa
1273 4159 1349 4219 facie
1372 4169 1423 4218 toa

271 4335 276 4344 ·
329 4257 463 4334 logiam?
483 4256 507 4314 si
530 4255 689 4316 ascendero
711 4256 743 4314 in
765 4255 890 4330 coelum,
905 4267 938 4316 tu
963 4255 1109 4334 (Domine
1131 4253 1228 4332 Deus)
1251 4253 1314 4315 illic
1337 4275 1383 4314 es:
1404 4255 1427 4312 si
