3358 4952
512 469 559 529 Do
571 429 684 528 'Primo
699 467 807 526 Mentis
826 465 1007 544 Operatione.
1270 461 1308 522 95

208 665 356 743 proponit.
399 663 559 740 Quocirca,
574 662 715 741 quoniam
731 661 767 720 de
780 661 861 720 omni
884 659 1018 731 essentia,
1033 679 1109 737 quae
1130 656 1307 736 explicatur,

207 761 271 821 duo
286 771 445 840 conceptus
468 760 589 820 fonnari
609 759 730 838 possint,
744 758 821 817 alter
835 778 894 837 quo
917 757 1041 817 essentia
1064 756 1137 816 haec
1159 776 1227 815 cnm
1242 753 1309 814 aliis

206 861 344 932 conoenit,
359 858 436 918 alter
451 877 521 917 vero
545 877 604 936 quo
618 855 657 916 ab
673 856 731 914 illis
755 856 912 915 secernitur
920 877 930 926 ;
952 855 1022 915 hinc
1037 874 1186 913 necessum
1209 863 1260 924 est,
1276 863 1309 911 ut

207 953 323 1014 duobus
347 953 451 1014 saltem
476 953 609 1013 terminis
634 949 767 1012 definitio
782 963 903 1022 constet,
919 971 1045 1030 quorum
1061 970 1138 1010 unus
1158 949 1263 1029 gignat
1277 949 1306 1007 in

208 1062 306 1108 mente
320 1059 495 1127 coriceptnnr
510 1050 731 1119 convenientiae,
746 1047 822 1106 alter
838 1068 907 1107 vero
921 1057 1095 1126 conceptum
1111 1045 1308 1106 distinctionis

207 1146 254 1206 rel
280 1145 462 1224 differentiae
486 1146 529 1222 (n.
552 1145 615 1222 42.)
658 1143 862 1221 Quamobrem
885 1143 981 1203 curnis
1005 1144 1138 1204 definitio
1152 1155 1195 1204 ent
1209 1144 1307 1202 oratio.

212 1241 368 1302 ll.-Alia
391 1241 482 1302 verba
508 1241 661 1301 adduntur
686 1241 724 1300 sd
748 1239 955 1300 secernendam
980 1239 1179 1300 definitionem
1197 1261 1215 1298 a
1238 1259 1309 1318 qua-

206 1359 334 1416 rumque
349 1338 410 1398 alia
423 1339 573 1398 oratione:
596 1337 669 1397 haec
690 1346 789 1396 autem
805 1337 930 1396 essentia
946 1336 991 1395 rel
1008 1346 1117 1396 natura
1138 1344 1308 1415 potestesse

207 1434 252 1494 vel
271 1437 404 1507 stainans,
419 1434 465 1494 vel
480 1437 524 1494 rei
537 1435 715 1512 siqnificctne
729 1453 783 1512 per
798 1453 914 1506 consen,
929 1443 962 1493 ut
977 1453 1047 1492 mox
1062 1433 1228 1511 explicabo.

489 1532 578 1592 Circa
593 1531 806 1591 Definitionem
823 1530 924 1609 qliaeri
940 1542 1043 1608 potest.

252 1630 580 1710 Prinro.-Qu0tuplex
595 1631 634 1690 sit
650 1629 813 1689 Definitio?
888 1693 892 1704 ¹

247 1729 521 1806 Secundo-Quid
535 1729 689 1807 speciatim
703 1728 743 1788 sit
757 1727 900 1788 Definitio
914 1729 959 1788 rei
968 1737 998 1789 et
1011 1728 1178 1808 quotuplici
1193 1728 1308 1790 ratione

207 1825 272 1885 fieri
286 1826 398 1905 possit?

245 1921 587 1996 Tertio—Quibusnam
608 1921 834 1998 proprietatibus
854 1921 984 1999 gaudere
998 1919 1105 1981 debeat
1136 1921 1305 2001 definitum?

246 2017 466 2093 Quarto-Au
481 2017 583 2076 omnia
594 2019 704 2095 possint
718 2027 771 2076 aut
785 2017 906 2076 debeant
920 2016 1058 2077 definiri?

247 2113 571 2190 Quinto—Quaenam
597 2125 754 2193 praecepta
776 2113 924 2174 servanda
946 2114 1013 2188 sint,
1029 2124 1063 2174 ut
1085 2115 1160 2176 bona
1173 2115 1212 2176 sit
1227 2115 1306 2176 Defi-

206 2209 302 2269 nitio?

247 2305 431 2384 llespondeo.

246 2499 331 2559 Drco
353 2499 560 2580 I.-Definilio
576 2501 668 2560 estrei
687 2497 896 2574 Nominis,'sen
923 2501 1003 2578 Quid
1023 2504 1170 2563 nominis:
1191 2503 1235 2563 oei
1254 2506 1306 2578 rei,

202 2617 254 2656 sen
274 2596 353 2673 Qttid
373 2599 465 2656 rei—
1082 2588 1085 2594 ²

250 2791 315 2851 123.
358 2791 745 2863 Declaratur-Definitio,
757 2803 791 2852 ut
804 2812 895 2871 supra
909 2792 1051 2866 diximus,
1063 2803 1107 2854 est
1117 2796 1232 2855 “oratio
1246 2816 1306 2874 qua

207 2887 403 2966 respondetur
424 2887 617 2968 intorroganti
641 2887 713 2967 quid
729 2888 843 2968 aliquid
865 2889 931 2948 sit.''
972 2888 1043 2950 Jam
1059 2890 1167 2969 aliquis
1184 2891 1306 2952 interro-

204 3007 277 3065 gare
299 2995 402 3065 potest,
418 2985 489 3064 quid
504 2985 542 3046 sit
557 3007 659 3046 nornen
680 2985 850 3064 significans
872 3005 944 3058 rem,
959 2985 1005 3046 vel
1021 2987 1093 3065 quid
1108 2989 1146 3047 sit
1159 3007 1205 3047 rea
1218 2987 1306 3066 signi·

205 3085 295 3144 ficata
319 3105 371 3164 per
395 3105 511 3144 nomen.
553 3085 659 3144 Oratio
674 3085 807 3163 proinde,
822 3105 881 3162 qna
902 3085 994 3163 priori
1009 3085 1235 3165 interrogationi
1250 3107 1306 3146 res·

206 3182 362 3261 pandetur,
373 3181 554 3242 declarando
564 3181 719 3241 essentiam
731 3192 909 3242 naturamve
920 3182 1056 3256 nominis,
1077 3182 1157 3260 (laid
1170 3183 1304 3257 nominis

208 3279 255 3338 vel
271 3277 400 3358 definitio
415 3279 571 3338 norrrinoirs
585 3277 712 3350 dicitur3
733 3279 828 3338 oratio
843 3288 953 3351 autem,
967 3299 1028 3357 qua
1041 3279 1196 3358 posteriori
1219 3280 1306 3340 inter-

207 3374 356 3452 rogationi
380 3374 583 3453 respondetur,
604 3375 683 3452 Quid
697 3377 741 3436 rei
754 3375 803 3436 vel
818 3374 945 3455 definitio
958 3376 1046 3436 reato
1061 3377 1130 3456 jure
1144 3377 1307 3457 meritoque

200 3473 420 3534 ‹lencminatnr.
464 3475 573 3550 Quoad
589 3475 716 3553 priorem
733 3473 865 3535 observa.

243 3570 386 3630 Definitio
401 3571 566 3643 nominalis,
582 3581 615 3631 ut
629 3572 755 3632 adnotat
776 3571 960 3643 Aristotcles,
975 3583 1018 3631 est
1032 3573 1153 3632 omnino
1174 3593 1301 3633 necessa·

202 3667 319 3726 rinnon
335 3667 422 3726 modo
437 3688 505 3726 cnm
520 3666 635 3746 aliquid
657 3666 898 3728 demostrandum
915 3679 967 3740 est,
981 3668 1031 3727 sed
1046 3669 1135 3727 etiam
1152 3669 1180 3726 in
1197 3671 1302 3748 quovis

199 3761 409 3841 disputationis
433 3765 528 3836 initio,
544 3773 577 3824 ut
598 3784 699 3824 omnes
721 3765 880 3824 verborum
904 3763 969 3824 lites
984 3764 1021 3825 de
1036 3765 1132 3825 medio
1148 3766 1301 3828 tollantur.

198 3857 323 3936 Triplici
340 3859 524 3937 potissimum
541 3861 655 3920 ratione
668 3859 732 3920 fieri
747 3869 851 3939 potest

240 3955 440 4016 Primo-Er
462 3959 628 4036 etymoirpio
650 3959 730 4018 oona.
773 3957 812 4020 V.
834 3980 862 4038 g.
905 3959 1101 4040 Philosophia
1114 3975 1174 4022 est:
1197 3968 1300 4024 “amor

164 4113 168 4122 ,
199 4039 371 4130 Sapientiae
382 4052 407 4125 ;”
429 4052 592 4132 Theologia
617 4063 676 4114 est:
706 4059 820 4114 “sermo
845 4055 881 4116 de
905 4055 1006 4129 Deo;”
1036 4056 1147 4118 Consul
1170 4071 1222 4134 est,
1250 4063 1302 4139 qul

199 4150 380 4229 reipublicae
409 4151 532 4211 utilitati
563 4151 707 4225 consulit;
741 4151 814 4212 fides
841 4163 893 4226 est,
922 4175 982 4232 qua
1009 4154 1051 4228 fit,
1073 4156 1153 4234 quod
1180 4155 1299 4219 dicitur.

101 4269 108 4283 ·
201 4249 266 4308 Has
299 4252 478 4324 ἐτυμυλυγιίις
502 4250 519 4308 i.
543 4269 566 4309 e.
591 4249 765 4329 veriloquis,
788 4249 892 4311 Cicero
917 4255 1076 4312 testationes
1099 4253 1242 4333 appellat,
1267 4277 1301 4317 eo

198 4345 278 4425 (ruod
293 4344 353 4406 sint
367 4344 462 4406 veluti
483 4365 582 4404 rerum
597 4354 701 4405 notae:
724 4349 813 4406 “nam
828 4347 884 4407 hoc
899 4346 986 4420 idem,
1005 4349 1058 4422 ait,
1073 4349 1207 4428 appellat
1219 4351 1302 4412 Aris·

202 4441 305 4504 toteles
320 4445 459 4512 συμβυλυν
473 4441 552 4520 quod
567 4441 661 4502 latine
672 4441 771 4502 notn.'’
