3172 4950
464 431 512 493 De
533 432 637 492 Primo
650 433 759 494 Martiis
778 432 960 512 Operatione.
1225 430 1259 490 61

162 625 237 686 ‹lum
260 645 350 704 quam
373 637 444 686 suut
465 626 598 688 homines
621 627 823 706 pugillatores,
838 628 856 688 i.
868 648 893 687 e.
908 626 1076 688 naturalem
1099 625 1260 705 quamdam

163 721 277 782 habent
292 722 410 783 insitam
432 723 597 802 potentiam
612 724 651 784 ad
666 724 723 785 ista
736 745 843 803 opera:
865 744 920 784 nec
933 724 1085 804 loquimur
1098 724 1137 784 de
1151 723 1197 783 bis
1211 725 1261 802 qui

160 828 227 877 arte
240 827 271 878 et
284 838 338 878 usu
354 819 384 878 id
399 818 548 890 cfficiunt;
564 839 635 880 nam
648 831 721 880 tunc
734 820 772 880 ad
788 822 917 899 primam
932 821 1114 899 pertinerent
1127 819 1262 898 speciem,

160 915 213 975 sed
228 915 266 975 de
287 916 333 976 bis
353 917 405 995 qui
427 917 605 978 naturaliter
627 917 656 977 id
679 927 851 996 praestant;
875 917 1013 978 similiter
1032 927 1103 977 sunt
1123 916 1201 977 aliae
1223 918 1264 976 in-

165 1033 306 1073 numerae
327 1013 511 1092 aptitudines
534 1013 698 1086 homiuum,
712 1014 875 1074 secundum
890 1033 964 1092 quas
986 1013 1167 1074 naturaliter
1182 1012 1263 1071 incli-

162 1121 274 1169 nantur
298 1109 337 1168 ad
362 1109 450 1169 t'acile
471 1129 562 1188 opera
585 1109 688 1188 aliqua
708 1109 1063 1170 exercenda-Secunda
1086 1108 1196 1187 speeies
1221 1121 1263 1167 cst

156 1204 310 1265 naturalis
323 1204 470 1283 quaedam
486 1205 627 1283 potentia,
642 1205 804 1265 secuudum
819 1225 910 1284 quam
926 1205 1041 1284 aliquid
1061 1205 1172 1278 fortiter
1184 1206 1264 1264 rasio

162 1305 197 1362 tit
223 1302 280 1363 sibi
308 1304 465 1364 contrariis
492 1314 523 1365 et
549 1303 793 1364 adversantibus:
825 1303 988 1364 seeundum
1017 1323 1108 1382 quam
1136 1303 1263 1362 dicimus

163 1399 297 1460 homines
318 1399 461 1472 salubres,
475 1400 584 1478 quibus
604 1399 675 1460 talis
688 1400 765 1462 inest
786 1401 929 1480 potentia,
944 1409 978 1460 ut
998 1399 1137 1460 omnibns
1150 1399 1263 1460 nocivis

163 1495 279 1556 fortiter
301 1497 439 1557 resistant
459 1495 594 1576 nihilque
621 1497 663 1558 eis
690 1507 812 1569 noaeat;
834 1497 864 1557 in
893 1496 951 1558 hac
977 1507 1022 1558 est
1049 1495 1183 1567 durities,
1204 1515 1263 1574 qua

160 1591 277 1672 aliquid
300 1594 410 1654 resistit
430 1594 570 1655 divisioni
585 1603 615 1654 et
627 1595 759 1667 sectiem,
774 1614 851 1673 quae
872 1593 968 1654 tendit
982 1595 1013 1653 in
1028 1595 1122 1673 ipsius
1134 1593 1264 1654 destnrc-

162 1689 425 1750 tionem-Tertia
448 1700 492 1750 εει
519 1689 665 1769 quaedam
694 1690 795 1750 activa
820 1690 962 1770 potentia,
986 1689 1150 1751 secundum
1172 1709 1262 1767 quam

164 1783 316 1864 detinenda·
325 1785 440 1864 aliquid
454 1789 516 1864 epit
524 1807 534 1856 ;
555 1785 653 1864 qualis
671 1795 716 1846 εει
729 1785 878 1848 hebetudo
893 1785 1005 1864 ingenii
1015 1784 1064 1846 vel
1079 1784 1210 1863 corporis
1224 1784 1263 1844 ad

161 1881 347 1960 operationes
362 1881 724 1960 exequendas—Quarta
745 1891 790 1943 est
810 1881 958 1960 quaedam
979 1881 1121 1960 potentia,
1135 1899 1195 1958 qua
1209 1879 1262 1940 ali·

162 1979 229 2056 quis
242 1978 333 2056 facin
346 1980 464 2056 nntpn
476 1977 518 2051 id,
533 1977 610 2058 qrtod
622 1977 680 2038 eibi
701 1977 870 2038 adeantur
883 1989 913 2038 et
927 1977 957 2036 in
971 1977 1017 2037 sui
1032 1976 1260 2038 destructionem

162 2073 268 2144 tendit,
284 2093 345 2152 qua
355 2073 488 2152 potentia
498 2073 624 2134 dicimus
635 2072 769 2134 homines
780 2071 1014 2152 insalubrea,qui
1025 2091 1141 2151 semper
1151 2071 1264 2132 valetu-

161 2169 272 2231 dinarii
287 2181 358 2230 sunt
370 2191 390 2230 a
403 2179 513 2230 natura
528 2181 557 2231 et
571 2171 673 2230 omnia
682 2169 723 2232 eis
738 2181 860 2230 nocent:
875 2169 1013 2231 similiter
1023 2169 1163 2230 mollities
1173 2179 1217 2229 εει
1231 2168 1260 2228 in

162 2265 216 2338 his,
230 2267 394 2328 secundum
405 2287 494 2346 quam
511 2267 599 2328 facile
610 2289 655 2328 res
666 2269 711 2328 sui
722 2267 898 2330 divisionem
914 2269 1036 2348 patitur.
1079 2267 1122 2328 Et
1132 2269 1263 2327 maxime

162 2364 327 2452 notandum
339 2374 383 2426 est
394 2365 469 2426 duas
484 2365 595 2444 priores
605 2365 706 2427 vocari
717 2365 757 2426 ab
769 2365 931 2428 Aristotele
939 2368 1087 2444 poteratne
1097 2367 1262 2434 naturales:

159 2458 236 2519 duas
251 2480 320 2520 vcro
342 2461 525 2539 posteriores,
539 2481 617 2540 quae
639 2461 788 2541 prioribus
801 2473 872 2522 sunt
892 2461 1068 2534 contrariae,
1082 2464 1264 2540 impotentiae

161 2559 327 2630 interam
348 2569 378 2620 et
393 2560 507 2620 merito.
549 2559 629 2620 Nam
653 2561 788 2638 potentia
810 2559 972 2622 difficulter
993 2559 1137 2639 operandi
1160 2560 1257 2638 potius

159 2654 271 2715 dicitur
292 2654 427 2733 potentia
448 2675 506 2716 non
530 2656 673 2735 operandi
696 2655 800 2717 facile:
822 2666 852 2717 et
873 2656 1007 2736 potenba
1020 2675 1080 2716 non
1100 2653 1262 2725 resistendi,

162 2749 337 2828 impotentia
350 2751 531 2812 resistendi.''
546 2803 549 2810 .
567 2751 704 2827 (Toletus
718 2751 824 2814 Praed.
840 2753 1036 2830 Qualitatis).·
1058 2752 1261 2830 Quamobrem

162 2867 219 2906 non
231 2847 528 2922 attaminandum,
540 2850 747 2928 impotentiam
758 2871 819 2912 esse
829 2851 1028 2930 privationem
1040 2851 1087 2912 vel
1099 2850 1261 2912 carentiam

163 2943 321 3022 potentiae.
361 2943 443 3004 Nam
466 2945 564 3024 potius
586 2955 631 3006 εει
654 2947 784 3026 qualitas
807 2946 935 3026 positiva
958 2948 1106 3008 matrona
1129 2949 1172 3025 (n.
1187 2948 1261 3022 27.)

164 3041 321 3119 potentiae,
336 3041 505 3121 diciturque
530 3042 714 3121 impotentia,
729 3042 847 3104 deiectu
869 3043 998 3104 nominis
1011 3042 1187 3116 communis,
1202 3063 1260 3121 quo

164 3139 236 3198 istae
250 3149 379 3216 quatuor
393 3141 594 3218 potentiarum
610 3141 720 3220 species
735 3140 947 3219 comprehendi
960 3150 1080 3219 queant.

201 3235 273 3297 Jam
298 3257 354 3315 age
377 3237 511 3314 potentia
530 3241 632 3310 activa,
646 3227 683 3297 de
704 3257 764 3316 qna
789 3237 838 3298 bic
858 3238 985 3316 agimus,
1000 3236 1126 3298 describi
1148 3247 1259 3316 potest:

161 3331 365 3411 “Principium
382 3334 553 3412 proximum
569 3355 628 3413 que
642 3335 679 3394 ud
696 3335 879 3414 operandum
895 3333 1071 3413 simpliciter
1084 3355 1119 3394 ae
1133 3353 1230 3413 perse
1244 3354 1261 3394 a

162 3440 269 3490 natura
290 3431 461 3490 ordinatum
472 3432 498 3490 :³²
521 3431 643 3492 Dicitur
664 3432 908 3511 1.—principium
917 3434 1094 3510 monimum,
1109 3441 1143 3491 ut
1156 3431 1259 3492 distin-

159 3537 270 3602 guatur
284 3547 303 3584 a
319 3527 413 3586 lbrrna
430 3527 473 3584 uel
492 3538 600 3586 natiue
614 3527 748 3606 subjecti,
764 3528 794 3586 in
809 3548 869 3606 qna
883 3528 982 3586 allieno
997 3547 1097 3588 ornnes
1111 3527 1261 3606 potentiae

162 3624 334 3684 radicentur
355 3624 394 3684 ab
415 3647 508 3702 caque
529 3646 630 3684 ermines
652 3625 812 3704 profluunt.
856 3624 977 3684 Dicitur
999 3641 1137 3704 11.-qao,
1152 3633 1186 3683 ut
1207 3623 1264 3684 dia·

160 3722 317 3798 tinguatur
330 3741 348 3780 a
362 3720 494 3800 subjecto
510 3721 554 3780 vel
578 3723 738 3800 supposito,
753 3721 833 3800 quod
847 3731 891 3781 est
911 3718 1091 3800 principium
1107 3719 1183 3800 qaod
1197 3739 1262 3798 opo·
1366 3747 1373 3768 ··

161 3828 250 3876 ratur.
296 3817 416 3876 llicitur
440 3835 578 3894 ιιι-ρετ
599 3839 628 3876 se
648 3838 684 3877 ac
705 3819 871 3895 sinpliciter
884 3837 920 3878 ac
938 3817 1036 3895 primo
1058 3816 1261 3877 ordinatuma

160 3923 269 3972 tratura
293 3913 330 3970 nd
358 3914 576 3991 operationem
610 3927 642 3973 ut
666 3913 869 3992 distinguatur
893 3933 912 3972 a
936 3912 1133 3991 qualitatibus
1157 3912 1262 3992 prioris

158 4010 273 4088 spumei,
289 4031 365 4088 quae
380 4010 426 4068 vel
442 4009 593 4070 naturales
609 4031 667 4070 non
682 4009 814 4069 suntsed
830 4010 1005 4088 <acquisitam
1020 4007 1066 4068 vel
1082 4007 1187 4070 saltem
1202 4029 1261 4069 non

157 4107 269 4168 «lenitur
290 4107 327 4166 ud
351 4107 525 4185 simpliciter
547 4107 741 4185 operandum,
764 4104 814 4164 sed
830 4115 948 4166 tantum
962 4103 1083 4164 erardum
1099 4105 1132 4182 (i.
1147 4124 1171 4164 e.
1187 4103 1262 4165 bene

159 4204 205 4264 vel
237 4203 326 4280 male)
355 4203 534 4282 operationis
563 4202 740 4282 respiciunt3
762 4201 809 4262 vel
837 4203 972 4276 primitia
992 4201 1031 4260 ad
1053 4200 1261 4280 perfectionem

157 4299 281 4378 subjecti
298 4301 330 4360 in
344 4321 395 4358 erro
410 4321 465 4358 esse
486 4299 671 4358 ordinantur.
709 4298 769 4374 (ef.
784 4297 902 4358 Suarez.
919 4296 958 4358 D.
974 4296 1018 4357 M.
1033 4297 1081 4358 43.
1096 4319 1117 4358 a
1135 4297 1263 4376 3.-—D.)
