3118 4956
444 431 491 492 oe
517 433 612 493 nete
633 431 740 492 meaa
766 432 948 511 opacam

515 647 530 664 ·
640 625 680 686 N.
702 625 745 685 11.

375 820 423 880 De
437 820 512 880 hoco
528 819 685 899 Majorum,
700 805 860 891 Minoam,
874 819 1007 880 Parium

182 1013 251 1075 293.
292 1012 512 1092 Saepenumero
540 1014 580 1074 ad
614 1014 748 1094 aliquam
776 1014 978 1093 quaestionem
1006 1012 1241 1086 oorwludaadem

141 1111 323 1192 quibusdam
345 1111 460 1172 utimur
479 1112 672 1190 argumentis,
687 1131 764 1191 quac
787 1111 835 1171 vel
859 1113 1008 1192 majorem,
1023 1109 1071 1172 vel
1095 1111 1244 1182 minorem,

145 1207 193 1266 vel
208 1207 356 1286 aequalem
370 1206 623 1285 probabilitatem,
637 1220 691 1269 aut
715 1209 909 1281 honestatem,
923 1221 977 1268 aut
991 1208 1239 1278 convenientiam,

144 1323 205 1363 uno
228 1302 327 1376 verbo,
343 1304 403 1363 vim
428 1303 548 1378 hebent,
562 1326 652 1384 quam
676 1305 856 1378 enunciatio,
871 1326 948 1382 quae
971 1306 1177 1378 concludendo,
1193 1307 1238 1366 vel

141 1399 342 1480 confirmanda
353 1411 404 1461 est.
447 1401 518 1478 Qua
533 1401 563 1462 in
580 1423 610 1462 re
621 1401 746 1464 observa
760 1403 800 1474 id,
812 1403 892 1482 quod
904 1403 960 1464 rite
968 1401 1094 1464 adnotat
1108 1403 1242 1464 Fonseca

140 1495 227 1574 (Lib.
242 1497 268 1557 7.
284 1517 308 1558 c.
324 1497 386 1576 28.)
408 1509 595 1577 argumenta,
605 1520 682 1578 quac
695 1520 733 1560 cx
742 1499 944 1579 superioribus
953 1500 1025 1561 locis
1035 1500 1241 1574 desumuntur,

140 1611 202 1652 non
217 1613 250 1653 cc
265 1599 321 1652 tote
336 1597 508 1674 eueedione,
522 1595 573 1656 sed
589 1595 636 1656 vel
652 1617 685 1657 ea
697 1597 830 1676 sarbjeeto,
845 1597 893 1658 vel
908 1619 943 1658 en
957 1598 1128 1676 praedicato
1142 1619 1242 1677 quaes

141 1689 231 1752 tionis
245 1690 368 1751 desumi.
410 1691 496 1752 “Aut
509 1692 588 1753 enim
603 1703 674 1754 suut
688 1693 875 1774 definitiones,
890 1705 944 1755 aut
965 1693 1174 1773 descriptiones,
1189 1707 1244 1756 aut

136 1787 300 1848 notationes
312 1807 427 1860 eorum,
441 1810 519 1868 quae
532 1791 563 1849 in
578 1791 750 1869 quaestione
771 1790 978 1852 concludenda
997 1790 1242 1871 subjiciebantur,

55 1954 57 1956 Ι
141 1882 188 1942 vel
207 1883 479 1962 praedicamentum
500 1897 554 1946 aut
576 1886 664 1946 modo
686 1886 789 1966 aliquo
811 1887 918 1948 affecta
939 1885 978 1947 ad
1000 1907 1044 1958 ca,
1059 1907 1136 1965 quae
1152 1887 1242 1966 subji-

138 1979 306 2053 ciebantur,
332 1981 380 2042 vel
416 1982 677 2060 praedicabautur.
720 1981 812 2044 Nunc
841 1983 1000 2044 incidimus
1028 1985 1058 2042 in
1087 1982 1176 2056 locos,
1203 2004 1241 2043 ex

139 2077 259 2154 quibus,
287 2097 364 2156 quae
387 2078 605 2157 depromuntur
633 2089 820 2158 arguments,
849 2080 955 2140 affecta
982 2089 1053 2140 sunt
1079 2081 1118 2140 ad
1148 2091 1241 2140 totam

137 2174 343 2253 quaestionem
364 2174 610 2248 concludendam,
630 2175 686 2236 hoo
701 2185 761 2248 est,
784 2175 823 2236 ad
846 2178 941 2255 ipsam
966 2186 1058 2237 totam
1082 2177 1242 2238 conclusio

140 2271 238 2332 uem.”
280 2270 464 2351 Hujusmodi
491 2281 570 2346 eunt,
598 2293 676 2352 quae
702 2294 741 2334 ex
769 2273 841 2334 locis
867 2275 1020 2353 rumorum,
1040 2276 1186 2334 misorum
1213 2283 1242 2335 et

58 2432 62 2438 ,
134 2368 258 2446 parium
272 2367 471 2429 desumuntur
481 2379 667 2447 argumenta
709 2369 810 2430 “Nam
824 2369 1093 2449 oscjorudicuutur
1107 2390 1151 2443 ea,
1165 2390 1243 2449 quac

141 2467 283 2544 majorem
298 2465 412 2526 babent
426 2465 680 2544 probabilitatem,
692 2485 782 2544 quam
797 2483 833 2526 eu
847 2467 1026 2539 enunciatio,
1037 2485 1114 2544 quae
1124 2465 1242 2527 conclu·

136 2561 239 2622 denda
259 2573 290 2622 et
311 2562 517 2622 confirmanda
541 2573 601 2634 est3
625 2565 750 2635 minora,
769 2581 852 2642 quae,
872 2564 1034 2634 minorem3
1050 2563 1151 2641 peric,
1165 2581 1243 2648 quae

140 2679 254 2737 parem,
269 2659 316 2720 vel
331 2658 557 2738 aequalem.”·-

183 2755 304 2816 Exinde
328 2757 478 2816 enascitur
502 2757 723 2835 argumentatio
747 2779 767 2816 o
790 2759 1003 2834 conparatione
1029 2755 1127 2816 dicta:
1148 2775 1242 2834 caque

138 2852 252 2932 triplex
275 2865 326 2913 ast
370 2853 473 2912 Prima
494 2851 863 2932 estamajoriedminus‚
877 2861 907 2913 et
928 2855 1059 2932 nepotioe
1080 2851 1260 2924 concludit,x

138 2959 176 3008 ut
191 2969 218 3009 v.
234 2969 345 3028 geum
370 2949 519 3010 Dominus
541 2961 641 3010 noster
652 2949 713 3010 ait:
736 2949 786 3011 “Si
810 2959 928 3010 terrens
950 2949 1015 3009 dixi
1030 2951 1123 3021 vobis,
1137 2961 1167 3010 et
1180 2970 1240 3010 non

140 3045 278 3118 creditis;
300 3046 449 3125 quomodo
462 3047 486 3106 si
510 3046 615 3106 dixero
630 3047 716 3108 vobis
738 3047 885 3120 (celestia,
899 3047 1024 3107 credetis
1032 3046 1241 3108 l”—Secuuda

138 3153 184 3204 est
198 3167 217 3202 a
230 3145 339 3204 minori
352 3143 393 3202 od
413 3145 516 3222 mrrjus,
531 3155 561 3203 et
575 3143 728 3204 concludit
741 3144 928 3223 affimatiue:
950 3143 1116 3222 cujusmodi
1130 3153 1174 3203 eet
1188 3142 1241 3202 illa

141 3238 263 3323 Moysis·
277 3240 403 3319 jamjam
437 3241 573 3301 morituri
595 3241 633 3301 ad
662 3241 808 3320 populum
830 3240 1046 3302 Israeliticum:
1069 3241 1156 3320 “Ego
1179 3242 1240 3301 scic

140 3339 359 3398 contentionem
376 3351 468 3410 tuam,
480 3349 510 3398 et
523 3339 668 3399 cervicem
681 3352 763 3398 tuam
776 3339 974 3398 durissimam.
1019 3337 1130 3398 Adbuc
1141 3340 1241 3397 viven-

140 3447 171 3494 te
186 3453 241 3504 me,
255 3443 285 3494 et
307 3434 492 3512 ingrediente
506 3433 669 3507 vobiscum,
683 3455 799 3514 semper
820 3435 1002 3495 contentiose
1014 3433 1114 3513 egistis
1137 3445 1242 3495 contra

143 3531 325 3596 Dominum:
347 3542 460 3610 quanto
475 3532 579 3610 magis,
594 3552 661 3592 curu
679 3543 813 3592 mortuus
827 3532 949 3592 fuerol”
973 3531 1063 3592 Deut'
1078 3531 1124 3592 31.
1168 3530 1240 3592 Hue

139 3640 265 3708 spectat·
283 3631 372 3690 ctiam
403 3628 479 3689 illud
508 3628 657 3689 Bernerdi
685 3629 715 3688 iu
744 3630 817 3690 haec
846 3630 938 3690 verba
967 3629 1109 3690 Domini:
1131 3629 1242 3690 “Pater

140 3727 258 3804 ignosce
286 3725 355 3797 illis,
383 3725 456 3804 quia
484 3727 619 3786 nesciunt
642 3726 715 3804 quid
740 3725 892 3786 faciunt:”
921 3725 1110 3803 “Quomodo,
1134 3727 1241 3805 inquit,

142 3819 266 3899 potabis,
282 3820 422 3894 Domine,
447 3821 647 3882 desiderantoe
662 3833 691 3882 te
706 3833 836 3883 torrente
856 3822 1019 3902 voluptatis
1040 3833 1119 3897 tuas,
1133 3827 1185 3904 qui
1199 3825 1242 3886 sic

136 3919 294 3998 perfundis
308 3919 514 3998 crucifigentes
528 3929 557 3980 te
572 3919 637 3980 oleo
653 3919 870 3980 misericordiae
878 3919 1052 3980 l”-'l'ertia
1066 3931 1110 3980 est
1123 3941 1143 3980 e
1159 3923 1239 3998 pori,

139 4025 170 4076 et
183 4014 337 4076 concludit
349 4015 413 4075 sive
426 4016 605 4095 affluentiae,
617 4015 680 4076 sive
693 4019 832 4093 negative,
845 4017 888 4076 sic
902 4016 1014 4077 dicitur
1026 4015 1108 4095 apud
1123 4015 1239 4076 Lucam

139 4111 168 4172 6.
185 4133 213 4172 ν.
228 4111 292 4173 37.;
315 4111 438 4172 “Nolite
446 4112 584 4191 judicare
595 4125 625 4173 et
639 4132 698 4172 uon
708 4112 939 4191 judicabimini3
960 4111 1053 4174 nolite
1063 4113 1240 4174 condemua-

136 4229 178 4282 re,
192 4221 222 4269 et
232 4229 290 4269 nou
303 4209 574 4270 condemnabimini
586 4231 594 4279 ;
605 4209 748 4270 dimittite
757 4221 788 4270 et
801 4209 1012 4282 dimittemini3
1026 4211 1105 4282 date,
1116 4219 1146 4270 et
1155 4210 1239 4272 dabi-

137 4317 189 4366 tur
202 4305 287 4366 vobis
298 4305 325 4366 :’'
346 4307 405 4366 buc
420 4319 599 4366 revocantur
621 4315 809 4386 argumente,
823 4306 933 4386 quibus
946 4307 976 4366 in
990 4305 1042 4367 88.
1065 4306 1187 4380 Litoris.
1201 4328 1239 4368 ex

624 4402 663 4463 33
