3358 4952
379 437 436 496 174
871 437 990 516 Βορέω.

415 631 481 689 215.
524 631 706 694 Declaratur
726 631 808 712 prior
822 631 991 692 assertionis
1011 633 1344 713 pars-Consequentia
1363 633 1483 694 dicitur

366 729 510 804 torneello,
526 729 572 788 vel
588 730 759 804 materialis,
775 738 864 811 prout
878 729 925 790 vel
942 730 1100 809 visontes,
1115 728 1162 790 vel
1178 732 1206 789 ni
1218 731 1306 790 nelina
1329 730 1481 798 natenius,

374 824 550 885 concludere
570 827 815 888 censetur.--Illa
838 845 908 886 vero
922 828 950 886 n·
966 826 1081 904 sacenae
1102 809 1279 886 concludere
1298 824 1481 895 censebitur,

374 923 456 1000 cnjus
481 921 607 982 formam
632 925 813 1004 modumque
834 921 1043 996 concludendi,
1057 923 1081 982 si
1105 921 1269 991 retinueris,
1294 922 1325 979 ia
1352 922 1481 979 titulat-iu

374 1021 480 1097 (μιαυίθ,
504 1031 538 1078 ut
562 1029 595 1079 ut
619 1019 885 1100 impossibilium
909 1018 1165 1080 concludet-Ea
1190 1038 1260 1078 vern
1284 1019 1313 1076 el
1338 1020 1480 1077 tramine.

372 1117 459 1175 collus
480 1115 656 1176 concludere
677 1118 852 1190 censebitur,
867 1135 944 1196 quae
959 1116 989 1176 vi
1003 1116 1125 1194 quidem
1147 1115 1261 1176 ibrnrae
1286 1115 1329 1173 nil
1350 1114 1480 1192 colligit,

374 1226 472 1274 ermen
498 1213 667 1293 hujusmodi
693 1225 745 1288 est,
760 1223 802 1288 ut,
825 1214 968 1275 concrimile'
991 1219 1136 1290 cunctentur
1160 1214 1291 1284 necteria,
1306 1231 1423 1290 semper
1445 1211 1478 1268 iu

293 1397 297 1404 ³
374 1311 476 1370 (adem
492 1310 590 1371 forma
603 1319 669 1389 epla
682 1311 851 1374 concludat.
895 1309 1065 1370 Formalem
1081 1309 1322 1388 consequentiam
1338 1307 1431 1366 habeas
1445 1308 1477 1365 iu

377 1405 431 1466 hoe
445 1406 603 1485 exemplo:

653 1504 759 1566 Omnis
772 1509 863 1566 villeta
876 1516 920 1566 eat
941 1504 1094 1564 laudanda
1106 1527 1112 1576 ;

653 1585 760 1647 Omnis
775 1586 973 1664 temperantia
987 1595 1030 1645 est
1043 1587 1134 1644 atlete
1142 1607 1152 1654 ,·

654 1664 761 1726 Omnis
775 1667 973 1746 temperantia
987 1675 1031 1725 ast
1046 1665 1207 1726 laudanda.

372 1793 461 1867 Natu,
485 1801 596 1854 maleto
620 1798 751 1869 naalma
774 1817 892 1876 semper
915 1805 981 1874 apte
1006 1797 1175 1870 concludat,
1206 1796 1322 1856 etiarnsi
1348 1794 1475 1856 materia

375 1889 564 1969 impossibilis
579 1901 717 1970 ponatur,
731 1894 790 1954 sie:

625 2005 640 2120 ς
651 2003 758 2066 Omnis
773 2007 821 2067 boa
835 2015 878 2067 eet
894 2007 1007 2086 planta,

652 2085 749 2146 Omne
763 2107 896 2147 marmor
909 2097 953 2148 est
966 2087 1031 2156 bon;

554 2191 556 2196 ·
623 2121 749 2244 lOmne
763 2187 895 2228 marmor
909 2177 953 2228 est
967 2167 1080 2247 planta.

375 2279 447 2338 lteni
462 2279 600 2357 scutulis
612 2291 656 2340 est
669 2283 879 2360 consequentia
894 2280 1022 2340 isthaec:
1044 2277 1189 2341 “Necesse
1199 2289 1243 2340 est
1255 2279 1398 2339 lcmiraem
1412 2299 1474 2338 esse

372 2374 518 2435 nnltnul:’'
539 2396 607 2454 erqo
621 2381 755 2437 “necesse
769 2387 812 2438 est
834 2377 952 2458 aliquod
972 2379 1086 2454 nointel
1107 2399 1167 2438 esse
1190 2377 1370 2437 tantaene?
1393 2395 1473 2447 nani,

373 2481 487 2533 retemta
502 2472 635 2545 leoteria,
650 2470 708 2533 sie:
729 2478 864 2535 “neccsse
884 2487 929 2534 est
943 2491 1059 2534 omnem
1075 2475 1201 2552 lipidam
1222 2467 1472 2552 estepanum?

371 2575 436 2646 epte
449 2566 656 2641 concluditur;
670 2587 737 2648 ayo
752 2574 885 2631 “necesse
899 2579 942 2630 eet
956 2571 1085 2650 n-llquusn
1095 2571 1231 2648 placetum
1240 2589 1301 2630 esse
1316 2569 1471 2648 bannilem?

411 2665 575 2726 Materiale
589 2683 660 2727 vern
674 2668 883 2746 consequentia
898 2665 1027 2728 habetur
1042 2667 1073 2726 in
1087 2667 1145 2727 hac
1158 2667 1293 2728 oratioue
1306 2687 1334 2726 v.
1349 2689 1377 2744 g.

561 2762 684 2825 “Homo
694 2774 741 2826 est
755 2765 868 2825 animal
879 2765 905 2824 :”
928 2783 995 2843 cryc
1010 2770 1073 2826 “est
1086 2765 1244 2830 sensitivus
1255 2765 1280 2836 ;'’

370 2861 441 2938 «urie
455 2871 576 2938 propter
597 2862 686 2922 solam
710 2863 863 2922 martam
876 2862 895 2923 i.
910 2884 934 2922 e.
959 2883 1059 2923 rerum
1081 2863 1317 2942 significatarum
1341 2861 1426 2932 inter,
1440 2881 1471 2920 se

371 2955 554 3016 affectionem
571 2959 673 3035 (omne
696 2959 776 3018 enim
801 2959 915 3020 animal
940 2968 983 3020 est
1007 2959 1195 3035 sensitivam)
1221 2965 1287 3037 epte
1311 2956 1471 3018 concludit

371 3042 574 3128 ttuod'autam
598 3070 658 3114 non
671 3054 833 3115 concludat
845 3057 875 3115 oi
889 3055 1011 3134 somnae,
1026 3075 1065 3115 ex
1087 3075 1121 3115 eo
1144 3053 1267 3133 patebit,
1282 3053 1409 3133 quodsi,
1424 3074 1470 3114 ea·

373 3147 438 3206 dem
455 3157 570 3210 retentu
584 3149 690 3222 fermo,
705 3153 856 3211 innatam
869 3155 1023 3213 neomaenia
1037 3173 1065 3213 v.
1080 3174 1108 3231 g.

591 3246 724 3308 “Cedrus
738 3257 781 3308 est
796 3247 903 3311 arbor’'
919 3271 986 3328 enyo
999 3256 1062 3310 “est
1075 3249 1219 3310 sensitiva
1230 3249 1257 3321 ;'’

373 3341 469 3418 inmo
493 3341 653 3402 liabebitur
675 3346 893 3424 consequentia.
935 3346 1023 3420 Item,
1036 3348 1065 3406 ei
1083 3347 1172 3407 collus
1192 3348 1339 3418 nume,
1353 3345 1471 3407 conclu·

371 3437 447 3498 dunt
460 3437 549 3498 istae:

444 3533 565 3596 “Homo
579 3547 623 3597 eet
636 3537 749 3598 animal
759 3539 785 3598 :’'
808 3561 874 3618 erqo
889 3540 997 3602 “homo
1011 3559 1070 3600 non
1085 3550 1129 3602 est
1142 3559 1242 3601 seusu
1255 3541 1389 3620 erlem.''

444 3627 577 3693 “Cedrus
591 3643 635 3694 est
648 3633 754 3713 planta
764 3635 789 3694 :'’
805 3657 871 3714 enyo
885 3636 1018 3697 “Oedrus
1032 3657 1090 3698 non
1106 3647 1151 3698 est
1164 3637 1304 3698 sensitiva
1314 3633 1340 3708 ;”

371 3737 400 3788 et
413 3727 645 3807 aequivalentes.

409 3823 629 3904 Consequentia
649 3830 810 3889 amancio
825 3829 879 3890 illa
893 3831 1012 3903 dicitur,
1026 3831 1058 3890 in
1073 3851 1133 3910 qua
1147 3849 1327 3910 consequens
1341 3849 1469 3892 neeessa-

371 3921 414 3980 rio
439 3921 593 4000 colligitur
606 3941 643 3982 ex
665 3925 859 3987 antecedente
872 3949 901 3988 v.
916 3949 944 4006 g.
960 3928 1068 3988 “homo
1082 3940 1125 3988 est
1139 3927 1253 3989 animal
1264 3929 1290 3987 :''
1310 3947 1378 4008 cryc
1401 3929 1469 3988 “lto

371 4037 419 4077 mo
431 4029 476 4078 est
495 4017 690 4079 substantia'’
732 4021 898 4082 Probabilis
912 4043 983 4084 vero
1003 4025 1214 4103 corisequeutin
1228 4023 1283 4084 illa
1303 4025 1422 4096 dieitur,
1437 4025 1466 4084 in

370 4135 430 4195 qua
457 4135 645 4195 consequens,
667 4120 784 4180 tametsi
811 4139 851 4179 ex
879 4121 1064 4181 anweedenti
1090 4119 1381 4199 colligau1r‚tamen
1415 4137 1471 4180 non

372 4213 541 4285 trecessario,
554 4213 606 4274 sed
622 4215 757 4276 maxima
771 4237 808 4276 ex
825 4226 925 4296 parte;
948 4228 982 4278 ut
995 4228 1039 4278 est
1054 4239 1081 4278 v.
1096 4241 1124 4296 g.
1139 4217 1329 4297 hujusmodi:
