3172 4950
481 443 529 506 De
550 443 653 506 Primo
668 443 776 508 Mentis
796 444 977 526 Operatione.
1241 441 1278 505 27

217 635 331 719 moes
354 651 414 702 est:
447 633 558 700 “Notio
582 640 767 713 universalis,
793 659 871 719 quae
894 639 931 700 de
955 639 1092 720 pluribus
1115 638 1278 700 indiuiduos

179 735 373 814 praedicatur
385 738 419 796 c'n
433 736 504 816 quid
518 737 658 816 complete,
673 757 725 796 seu
739 734 902 797 secundum
916 755 1019 796 eorum
1032 736 1189 798 essentium
1203 755 1280 796 com·

182 832 313 910 pletam:
328 843 358 893 et
368 833 602 894 denotateorum
613 833 769 895 essentiam
778 854 837 894 non
846 833 1016 894 inchoatam
1025 842 1056 894 et
1066 833 1280 912 imperfectam,

179 929 232 990 sed
260 929 439 1009 completam
467 940 498 992 ct
526 930 716 1009 perfectam?
756 929 806 992 Sic
829 930 998 991 tuotom'toe
1025 931 1217 1010 praedicatur
1244 929 1281 991 de

178 1027 275 1100 Sorte,
291 1027 418 1088 Platone
432 1048 485 1106 per
498 1027 620 1087 modum
634 1028 745 1106 speciei.

223 1125 269 1184 43.
316 1124 416 1186 Gerous
430 1137 489 1186 est:
512 1119 603 1186 Notio
618 1125 815 1198 Universnlis,
829 1146 906 1204 quae
920 1125 957 1186 de
978 1126 1115 1204 pluribus
1134 1126 1279 1206 soroudon

182 1224 374 1302 praedicatur
387 1226 420 1284 in
434 1225 506 1306 pusii
519 1226 694 1304 incompleta,
708 1245 759 1286 scu
773 1225 935 1286 secundnm
948 1226 1104 1286 essentiam
1117 1224 1277 1304 incomple-

186 1332 249 1381 tam
261 1332 291 1382 et
301 1321 564 1382 damninobilem:
578 1333 608 1382 et
618 1323 741 1384 denotat
749 1343 852 1383 earum
861 1323 1015 1384 essentiam
1029 1343 1087 1382 non
1100 1321 1279 1402 ‹nmpletam

180 1430 213 1476 ct
235 1418 406 1503 perfectam,
428 1418 479 1480 sed
504 1418 715 1498 incompletam
731 1419 1009 1498 acimperfectam.'’
1051 1418 1100 1479 Sic
1112 1419 1280 1478 animalitas

188 1514 380 1592 praedicatur
399 1515 437 1576 de
461 1515 589 1587 homine,
612 1515 650 1576 de
673 1515 759 1576 leone
772 1515 898 1594 aliisque
918 1515 1096 1576 animalium
1109 1514 1273 1594 speciebus,

188 1631 242 1692 per
256 1612 378 1674 modum
391 1617 513 1696 pencris.

222 1709 488 1788 44.-Differontio
508 1710 639 1790 specifico
658 1719 718 1772 est:
739 1709 852 1772 “Notio
872 1708 927 1770 illa
947 1709 1132 1782 universalis
1147 1729 1223 1788 quae
1244 1709 1281 1769 de

181 1806 320 1884 pluribus
333 1808 429 1886 specie
442 1807 567 1868 diversis
581 1809 614 1888 in
628 1808 712 1888 quate
723 1807 795 1888 quid
809 1806 1008 1894 praedicatur,
1017 1827 1065 1866 seu
1080 1816 1281 1885 repraesentat

180 1903 280 1981 qualis
300 1903 339 1965 sit
359 1904 485 1964 mentia
506 1904 567 1976 rei;
588 1913 618 1964 et
631 1903 755 1964 denotat
776 1913 890 1982 partem
905 1904 1048 1980 essentiae¹
1068 1903 1278 1981 incompletam

181 2000 313 2079 quidem,
327 2011 360 2062 at
373 2000 636 2061 detentiuorctemf'
676 1999 727 2061 Sic
749 2001 934 2060 rennuitae
955 2011 998 2060 est
1020 2000 1196 2074 differentia,
1219 2021 1280 2079 qua

182 2089 271 2156 homo
292 2117 311 2158 a
332 2097 435 2158 ceteris
463 2095 667 2157 animantibus
694 2096 803 2169 differt,
830 2106 860 2158 et
887 2096 976 2176 quale
1002 2096 1115 2158 animal
1144 2097 1206 2176 ipsc
1232 2097 1279 2169 sit,

181 2194 408 2276 determinatur.
451 2193 545 2254 Porro
559 2193 744 2256 differentiae
757 2194 816 2254 tria
829 2202 900 2256 suut
914 2194 1025 2254 munia

263 2289 399 2350 Primum
415 2289 579 2369 est-lpse
593 2289 698 2350 dividit
711 2288 815 2351 Genus
829 2289 860 2349 in
874 2289 974 2368 plures
987 2289 1105 2368 species

262 2387 432 2448 Secundum
447 2385 777 2447 est—Determinando
791 2384 903 2459 Genese
917 2387 1062 2446 coustituit
1074 2386 1209 2465 speciem.

261 2482 395 2544 Tertium
407 2481 716 2544 est—Constituendo
729 2482 865 2562 speciem,
877 2482 955 2544 hanc
969 2483 1152 2562 destinpuita
1166 2503 1237 2563 qua·

540 2600 668 2659 cumque
687 2579 757 2640 alia

222 2677 339 2740 Idcirco
353 2677 464 2738 dicitur
484 2677 627 2750 mommo,
646 2677 844 2750 (lotutt'tutioo,
858 2676 1033 2738 Dutiuctioo
1046 2678 1095 2738 vel
1109 2678 1278 2740 Boeotico.

182 2775 305 2836 Dicitur
318 2774 410 2858 etiam
428 2773 568 2853 tipoot'fioo
583 2782 649 2834 tum
663 2781 785 2853 propter
798 2774 944 2834 rationem
958 2772 1083 2835 allatam
1097 2795 1104 2847 ;
1125 2785 1190 2834 tum
1204 2775 1277 2853 quia

157 2919 162 2926 .
181 2873 247 2952 ipsa
261 2892 321 2931 non
335 2880 379 2931 cst
393 2868 542 2932 ullatenus
556 2869 767 2931 confundenda
780 2871 843 2932 sive
855 2890 924 2931 cum
939 2869 1107 2931 differentia
1118 2869 1181 2945 illa,
1191 2891 1277 2950 quae,

180 2970 299 3032 tametsi
321 2967 528 3048 inseparabilis
551 2967 599 3040 sit,
622 2968 661 3029 ad
685 2968 842 3028 essentiam
866 2977 966 3029 tamen
992 2969 1034 3028 rei
1059 2987 1118 3028 non
1143 2969 1280 3047 pertinet,

180 3086 318 3147 quaeque
332 3065 459 3146 proptio
478 3065 599 3138 dicitur,
620 3077 654 3124 ut
668 3073 713 3124 est
726 3084 755 3125 v.
769 3085 798 3144 g.
813 3083 874 3125 esse
887 3063 1064 3143 disciplinae
1078 3083 1175 3144 capax
1188 3086 1195 3136 ;
1216 3063 1279 3126 sive

181 3185 251 3225 cum
266 3162 434 3224 differentia
455 3160 517 3235 illa,
532 3181 609 3240 quae
629 3181 688 3221 non
702 3160 792 3222 modo
806 3159 969 3222 essentialis
982 3180 1042 3222 non
1057 3171 1109 3236 est,
1123 3161 1175 3222 sed
1189 3161 1279 3222 etiam

169 3258 357 3340 *separabilis
370 3268 423 3332 est,
438 3277 572 3337 quaeque
585 3259 742 3318 mononis
755 3267 965 3336 nuncupatur;
986 3267 1021 3318 ut
1034 3267 1078 3319 est
1091 3278 1120 3318 v.
1135 3279 1164 3336 g.
1178 3257 1280 3318 sedere

181 3367 270 3430 stare,
284 3353 514 3432 currere-Quo
534 3354 566 3414 in
580 3354 645 3416 loco
658 3354 749 3414 etiam
764 3353 841 3414 illud
854 3353 983 3416 adnoto:
999 3353 1206 3416 Differentiam
1220 3353 1281 3416 dici

183 3474 266 3534 posse
275 3453 447 3532 penoralan,
457 3451 615 3530 specialem,
625 3449 844 3512 individualem.
875 3449 1033 3512 Generalis
1043 3452 1280 3525 consumerem,

182 3570 260 3630 quae
281 3569 340 3610 non
363 3559 482 3610 tantum
496 3557 540 3608 est
561 3548 680 3627 species,
692 3547 744 3608 sed
769 3547 860 3608 ctiam
873 3567 983 3628 genus:
1005 3569 1034 3610 v.
1048 3571 1076 3628 g.
1092 3549 1279 3628 corporeitas.

180 3645 326 3727 Specialis
341 3647 477 3726 proxime
491 3644 644 3706 constituit
658 3665 730 3719 rem,
744 3664 821 3724 quae
834 3645 1044 3708 tantummodo
1057 3649 1219 3727 estspecies
1232 3673 1239 3712 :
1251 3669 1279 3710 v.

181 3765 210 3824 g.
225 3743 421 3805 rationalitas.
462 3741 664 3829 Ipdividualis
678 3741 833 3803 constituit
846 3745 980 3822 pocione
1003 3742 1195 3807 individuum
1208 3769 1237 3811 v.
1251 3771 1280 3830 g.

185 3840 360 3913 differentia,
373 3859 435 3918 qua
448 3839 584 3900 Socrates
597 3837 790 3900 condituitur
803 3837 938 3902 Socrates
952 3849 982 3901 ct
996 3839 1095 3901 differt
1110 3861 1129 3902 a
1142 3841 1279 3908 Platone.

182 3939 231 4000 De
252 3937 434 3999 individuali
448 3957 536 4017 agere
549 3936 724 4016 nequimus:
745 3936 857 4018 quippe
870 3936 956 4002 nobis
979 3938 1133 4019 incognito
1146 3951 1209 4017 est;
1229 3945 1280 4008 sed

180 4055 304 4116 agemus
328 4044 447 4096 tantum
461 4034 499 4094 de
520 4033 652 4113 generem
666 4045 696 4095 et
709 4033 841 4113 speciali,
855 4054 932 4114 quae
953 4043 1081 4115 unaque
1100 4039 1238 4117 specifica
1251 4051 1282 4106 et

180 4145 225 4194 cst
239 4143 269 4195 et
282 4133 388 4194 merito
402 4139 602 4210 nuncupatur.
1209 4133 1211 4139 ⁴
