3172 4950
485 439 530 504 De
545 440 648 504 Primo
664 440 769 504 Martia
789 441 972 523 Operatrbua
1235 439 1270 502 ii

165 635 361 698 -Paauna
380 651 457 699 sunt.
500 658 521 700 1.
537 661 596 700 nou
616 639 720 700 babere
740 643 926 713 eontrarium,
941 642 1055 700 ratione
1068 642 1122 700 aui.
1161 657 1173 714 v1
1180 658 1197 699 ι.
1214 660 1268 698 nou

167 737 310 812 orreupera
324 739 417 813 mopia
430 743 456 795 ot
478 737 581 796 ruiana
625 754 673 796 111.
696 737 896 797 Dauom-inmo
919 757 1039 814 eorporo
1061 736 1271 813 eom-uptidilio,

170 851 249 909 quae
262 833 364 892 omnia
378 834 493 894 suntin
509 843 538 894 et
551 833 607 893 sub
622 845 762 912 tempore.

212 930 258 990 89.
301 931 380 990 Sitne
393 943 437 991 eet
450 931 577 1010 “positio
592 933 724 1010 partium
739 932 781 992 rei
796 939 922 1011 quantoe
935 931 967 991 in
981 930 1084 991 ordine
1099 931 1137 990 ad
1155 930 1270 991 loeurn”

170 1041 204 1088 ut
219 1049 247 1088 u.
262 1050 288 1107 g.
314 1029 432 1101 sedere,
446 1040 534 1102 stare,
559 1029 677 1090 cubare.
720 1029 807 1090 Haeo
833 1039 934 1090 autem
958 1029 1065 1109 pooitio
1089 1049 1149 1088 onae
1177 1039 1271 1106 potest

170 1124 317 1184 naturalia
333 1124 379 1184 vel
404 1125 606 1186 accidentalia.
648 1125 804 1185 Naturalia
818 1135 870 1198 est,
884 1145 975 1204 quam
989 1133 1098 1186 natura
1122 1125 1270 1203 praefixit,

172 1233 207 1282 ut
221 1243 248 1280 v.
264 1244 291 1300 g.
309 1243 361 1300 pro
376 1223 495 1282 homine
517 1223 628 1282 habere
649 1231 741 1302 eaput
762 1243 879 1283 sursum
903 1223 983 1302 (lege
1004 1220 1148 1282 Ovidium
1174 1221 1267 1282 Meta·

177 1339 250 1378 mor.
270 1317 310 1378 1.’)

332 1416 490 1495 Pronaque
499 1437 566 1478 oum
583 1425 720 1496 spectant
732 1416 877 1476 animalia
891 1425 989 1477 uetera
1002 1424 1125 1486 terram,

335 1513 378 1576 Os
392 1514 506 1574 homiui
520 1513 649 1574 sublime
662 1513 747 1574 dedit
760 1513 935 1592 caelumque
948 1513 1026 1573 tueri

331 1611 352 1673 J
356 1613 436 1683 ussit,
451 1623 481 1671 et
494 1621 605 1672 erectos
619 1610 658 1670 ad
672 1609 771 1670 sidera
786 1608 890 1670 tollere
904 1609 1015 1671 vultus.

171 1707 376 1769 Aooidentalis
399 1717 443 1768 aot
465 1707 528 1780 illa,
551 1727 641 1786 quam
664 1707 804 1768 voluntas
826 1707 980 1768 hominum
1004 1705 1157 1786 praefigit:
1179 1725 1272 1784 eaque

169 1815 214 1863 eet
228 1803 350 1882 duplex,
365 1803 461 1864 altera
473 1803 683 1876 animatorum,
695 1813 729 1862 ut
742 1812 830 1876 stare,
841 1803 950 1876 sedere,
962 1802 1153 1864 aooumbero:
1175 1801 1270 1862 altera

128 1951 132 1958 .
173 1899 415 1970 inanimatorum,
440 1913 472 1959 ut
486 1919 514 1959 v.
528 1921 556 1978 g.
580 1899 724 1978 adjacere,
746 1899 969 1979 erigi-Ipsius
988 1902 1138 1980 pantana
1159 1909 1229 1960 suut
1251 1917 1272 1957 1.

170 2017 230 2054 non
245 1996 347 2055 bibere
368 1999 542 2056 corururium
565 1998 678 2056 rabbae
690 1998 744 2057 oui
789 2015 822 2056 11.
844 1997 906 2058 Noe
918 2000 1060 2075 ouoer'pere
1075 2001 1166 2074 purple
1181 2004 1206 2054 et
1220 1997 1272 2054 mi·

84 2104 93 2123 '
175 2113 238 2152 uua

213 2191 261 2249 90.
285 2189 415 2248 Habitua
429 2190 702 2269 praedimmentum
715 2191 909 2252 describitur:
925 2191 1109 2270 “Corporum
1122 2202 1272 2260 eteorum,

170 2309 248 2366 quae
262 2288 342 2347 eirea
362 2308 468 2366 eorpus
488 2298 567 2360 suut,
581 2287 777 2366 adjacentia.'’
820 2288 891 2365 Qua
906 2288 936 2348 in
958 2288 1199 2366 descriptionem
1215 2309 1273 2348 ror-

169 2405 272 2462 porum
297 2385 336 2456 id,
351 2385 391 2444 ad
405 2387 489 2464 eujus
511 2387 700 2446 rommodum
724 2386 846 2447 habitus
866 2395 989 2465 spectat,
1004 2385 1143 2446 denotat:
1165 2406 1270 2456 emnem,

171 2503 245 2560 quoe
258 2482 334 2539 eirca
345 2501 446 2560 corpere
459 2489 535 2552 orout,
544 2482 688 2543 denotant
703 2483 872 2558 materiam,
885 2503 923 2542 ex
938 2503 998 2562 qua
1012 2483 1133 2543 habitus
1144 2493 1267 2542 constat.

177 2577 303 2637 Domum
320 2601 351 2635 ro
376 2579 542 2657 adjacentia
563 2579 687 2640 denotat
708 2574 852 2652 ordinem,
867 2580 917 2659 qui
932 2580 1070 2640 anteiret
1091 2601 1198 2659 <orpus
1213 2581 1231 2640 i.
1247 2595 1284 2639 e*

174 2678 250 2742 inter
272 2676 431 2736 habentem
446 2661 475 2736 et
490 2677 531 2748 id,
545 2677 625 2756 quod
647 2675 784 2750 habetur,
798 2687 889 2756 atque
910 2676 1047 2737 accidens
1061 2675 1138 2736 illud
1155 2675 1271 2754 praedi-

171 2771 337 2834 oameutale
365 2772 526 2846 constituit,
555 2773 634 2851 quod
663 2772 793 2832 Habiba
818 2772 937 2832 dicitur.
980 2770 1186 2848 Quamobrem
1215 2771 1270 2832 boe

172 2869 445 2948 praedicamentum
468 2889 528 2928 non
551 2869 742 2930 constituitur
755 2889 774 2928 a
789 2879 868 2930 veste
891 2889 918 2929 v.
934 2889 961 2946 g.
977 2888 1054 2946 quae
1076 2877 1119 2926 eu
1142 2876 1272 2926 tautum·

173 2965 261 3026 modo
276 2966 421 3038 materia,
435 2965 485 3025 sed
508 2965 547 3026 ab
563 2967 619 3024 buo
641 2965 815 3042 adjocaretur.
858 2966 961 3043 Atque
975 2965 1047 3024 haee
1070 2965 1219 3025 sufficiant
1233 2965 1269 3024 de

173 3062 287 3122 habitu.

635 3370 816 3414 Arruunrx.

525 3545 571 3606 De
586 3546 651 3608 I'oot
666 3548 920 3610 Proui-irorueub'a

215 3739 264 3801 Ad
280 3740 433 3802 dmurinuo
448 3739 599 3820 buornqur
615 3741 742 3802 traditur·
756 3743 1007 3820 complementum
1022 3740 1136 3822 aliquid
1157 3741 1269 3824 juverit

172 3837 210 3898 tle
236 3838 557 3916 parui-pruedimuuouiiu,
584 3859 636 3916 pur·
664 3839 785 3897 modurn
809 3839 996 3916 Appeudr'oia,
1029 3841 1152 3902 tradere.
1195 3843 1271 3903 Sunt

173 3947 273 3993 autom
290 3947 354 4012 prat-
377 3934 616 4012 praedii-amenta
630 3935 750 4012 ‹pridum
773 3935 862 4007 modi,
874 3936 924 4014 qui
941 3951 1161 4014 nonaequurrtrrr·
1183 3938 1271 3999 Prae-

173 4031 351 4102 ‹ii‹·auuurtu,
366 4050 414 4090 seu
436 4031 630 4109 proprietateq
653 4031 836 4090 diversorum
863 4033 1181 4110 praedicamentorum,
1195 4055 1272 4114 quae

174 4127 309 4206 pluribus
338 4127 439 4188 innunt
462 4128 516 4205 (sie
540 4149 567 4188 v.
590 4149 617 4206 g.
641 4127 870 4202 insubstantia,
894 4129 1082 4204 Quantitate,
1106 4131 1270 4207 Qualitata

172 4224 304 4300 Quando
320 4225 394 4284 ineat
417 4225 578 4296 Prior-itam
600 4225 630 4283 in
655 4224 811 4300 Qualitate
826 4239 856 4286 et
874 4226 1029 4288 Relatione
1043 4228 1216 4307 Oppositio;
1240 4232 1270 4290 in

173 4321 300 4379 Aetione
315 4333 344 4380 ot
360 4321 600 4380 Panormitano
616 4320 731 4381 Motus)
743 4343 750 4392 ;
764 4331 794 4381 et
804 4322 945 4398 quoniam
961 4325 1157 4402 ‚noncupatum
1167 4327 1271 4396 dieun-
