3172 4950
312 666 388 734 tem,
400 677 466 720 non
479 657 585 722 levem
598 657 777 721 identidem
790 657 1019 723 difficultatem
1032 681 1144 724 creare
1156 662 1279 726 solent:
1296 684 1412 745 quam-

310 794 424 858 obrem
438 795 498 858 nisi
515 805 589 879 apte
605 796 860 879 distinguantur,
871 805 904 860 et
918 816 981 859 suo
997 818 1150 880 quaeque
1166 799 1242 862 loco
1258 810 1409 882 ponatur,

311 939 344 994 et
373 941 473 1014 prout
498 931 658 1014 cujusque
686 932 746 996 lert
772 934 926 1015 gravitas
945 935 1067 998 utilitas
1098 946 1198 1018 atque
1229 939 1407 1000 necessitas

314 1066 495 1144 evolvatur,
511 1065 604 1131 facile
619 1068 813 1152 contingere
829 1071 960 1152 poterit,
979 1081 1014 1134 ut
1029 1071 1185 1135 claritatis
1202 1083 1235 1136 et
1251 1075 1411 1136 distincti-

313 1205 385 1268 onis
406 1205 481 1268 loco
504 1205 655 1270 confusio
679 1217 778 1289 atque
802 1208 986 1272 obscuritas
1012 1211 1159 1294 obrepat,
1176 1223 1213 1275 ut
1238 1213 1410 1277 addiscen-

312 1342 395 1405 tium
411 1343 510 1405 animi
526 1363 585 1425 per
601 1353 708 1406 totum
721 1346 796 1407 anni
809 1346 988 1410 decursum
1011 1349 1123 1411 incerti
1144 1348 1407 1432 fluctuantesque

313 1477 537 1545 distineantur.
597 1451 740 1543 Accedit
769 1490 802 1544 et
832 1482 923 1560 illud,
954 1485 1045 1565 quod
1075 1484 1165 1548 haud
1187 1497 1338 1551 assuetae
1365 1488 1408 1551 ad

313 1619 551 1682 abstractarum
575 1639 682 1682 rerum
717 1621 1017 1687 considerationem
1047 1625 1177 1688 nonnisi
1204 1626 1406 1707 pedetentim

315 1769 349 1823 et
371 1759 534 1842 gradatim
556 1767 732 1840 assurgant
753 1756 912 1838 juvenum
937 1770 1075 1837 mentes,
1100 1781 1185 1843 quos
1209 1763 1295 1839 ideo,
1311 1783 1412 1845 quam

311 1897 386 1959 viva
397 1915 479 1958 uoce
498 1895 659 1978 Magister
670 1895 750 1979 ipsis
762 1895 861 1959 tradit
877 1896 1065 1980 explicatio,
1077 1899 1139 1961 nisi
1156 1899 1246 1962 aliud
1258 1900 1407 1978 addatur,

312 2053 379 2097 non
402 2033 593 2108 admodum,
610 2041 646 2095 ut
664 2031 790 2115 opinor,
811 2031 948 2115 juvabit.
1002 2034 1071 2098 Vix
1095 2035 1192 2111 enim,
1208 2044 1265 2097 aut
1288 2053 1330 2097 ne
1346 2035 1402 2098 vix

311 2171 447 2251 quidem
477 2167 566 2232 illam
592 2169 773 2252 percipient
800 2171 974 2253 inexperti,
1001 2171 1053 2234 vel
1081 2183 1170 2235 certe
1196 2172 1239 2235 ad
1266 2171 1405 2253 longum

311 2322 443 2394 tempus
468 2307 657 2372 memoriter
681 2307 819 2369 retinere
843 2326 910 2370 non
935 2305 1108 2370 valebunt:
1140 2327 1209 2388 quo
1232 2304 1276 2382 fit,
1302 2315 1337 2368 ut
1361 2306 1410 2384 iis,

315 2468 401 2531 quae
416 2444 593 2528 explanata
603 2442 672 2524 jam
690 2441 829 2519 fuerant,
845 2443 877 2505 in
893 2453 1063 2525 posterum
1080 2452 1113 2506 et
1129 2444 1161 2506 in
1179 2443 1412 2526 Metaphysica

311 2584 522 2668 potissimum
539 2580 648 2644 denuo
664 2580 917 2658 recurrentibus
933 2581 985 2644 vel
1001 2580 1179 2664 explicatio
1196 2582 1343 2645 iteranda
1357 2583 1408 2658 sit,

312 2721 366 2786 vel
394 2740 442 2798 ea,
469 2737 612 2801 quorum
642 2716 860 2800 intelligentia
888 2727 947 2782 aut
977 2721 1137 2784 memoria
1168 2740 1234 2783 non
1266 2719 1408 2803 amplius

311 2860 477 2944 perdurat,
507 2855 724 2940 supponenda
761 2876 863 2919 coeco
894 2855 960 2920 sere
992 2857 1094 2921 modo
1125 2869 1230 2936 erunt,
1262 2878 1403 2942 quorum

312 3007 466 3063 neutrum
482 2996 552 3058 sine
563 2993 722 3077 temporis
734 2993 863 3074 jactura
875 2993 928 3057 vel
945 2993 1182 3077 discipulorum
1196 2995 1410 3059 incommodo

312 3138 379 3202 fieri
395 3144 513 3220 potest.
552 3131 797 3214 Compendiosa
812 3140 924 3194 autem
941 3151 1049 3194 rerum
1066 3130 1244 3194 multarum
1267 3129 1408 3195 difficili-

312 3293 410 3337 umve
425 3269 644 3356 pertractatio,
654 3267 724 3331 sive
735 3267 858 3351 scripto
873 3266 993 3331 tradita
1004 3268 1073 3329 sive
1088 3266 1201 3350 praelo
1217 3267 1404 3341 commissa,

311 3413 372 3478 etsi
388 3357 567 3494 plurimum
590 3405 697 3470 valeat
720 3425 823 3488 quum
840 3403 971 3486 longior
986 3413 1020 3467 et
1036 3402 1168 3466 uberior
1183 3401 1409 3485 praecesserit,

312 3553 385 3618 sola
398 3561 509 3615 tamen
524 3547 577 3611 vel
600 3544 707 3608 nullas
723 3565 858 3627 prorsus
874 3544 960 3608 vires
984 3540 1125 3625 adjiciet,
1141 3542 1192 3606 vel
1217 3541 1244 3602 si
1272 3538 1409 3620 aliquas,

314 3697 401 3753 certe
414 3705 481 3750 non
496 3703 562 3760 eas,
575 3680 695 3764 quibus
711 3686 877 3742 transacto
894 3698 1003 3741 rerum
1021 3678 1221 3761 Logicarum
1234 3645 1408 3752 durriculo,

313 3823 684 3910 Metaphysicarumque
700 3819 779 3881 inita
793 3816 965 3900 palaestra,
980 3815 1065 3880 intra
1087 3817 1224 3880 istarum
1247 3815 1408 3880 ambitum

313 3963 398 4032 sacili
423 3979 530 4046 penna
548 3957 708 4039 juvenum
739 3964 866 4019 mentes
894 3974 1069 4017 excurrere
1096 3974 1135 4017 ac
1150 3973 1253 4036 prope
1269 3953 1409 4016 dixerim

312 4101 482 4191 pervolare
498 4097 637 4164 valeant.

357 4243 452 4308 Haec
475 4241 586 4322 itaque
606 4245 705 4318 atque
721 4236 794 4313 alia,
818 4255 902 4318 quae
918 4252 1102 4297 memorare
1118 4251 1183 4296 non
1200 4241 1251 4294 est
1273 4248 1407 4294 necesse
