3138 4956
315 415 372 474 318
809 413 927 492 Loyrba.

317 619 449 689 respectu
470 629 629 670 causarum
643 618 673 670 et
693 609 731 669 de
744 610 921 688 cognitione,
936 630 1027 689 quam
1049 610 1086 670 de
1108 611 1242 690 atrisque
1264 610 1430 679 habemus,

316 709 361 766 Cl'.
376 707 405 768 S.
420 707 567 767 Thomam
584 707 655 786 (Op.
670 728 759 787 super
774 707 858 768 Boet.
873 708 911 768 de
925 707 1072 768 Trinitate
1086 728 1113 787 q.
1132 710 1156 767 1.
1172 729 1199 768 a.
1216 708 1257 786 2.)

355 803 703 864 Secundo—Methodus
723 805 762 864 ad
783 804 936 864 scientiam
958 805 1064 864 realem
1084 804 1298 882 acquirendam
1313 816 1428 882 suapte

316 915 425 960 natura
439 911 482 961 est
496 901 652 962 ordinata:
673 903 815 980 quoniam
830 922 902 962 vero
916 901 1040 962 scientia
1055 902 1142 961 realis
1156 903 1299 962 rectitatis
1310 923 1431 980 capres-

314 1002 375 1056 siuu
389 1008 432 1058 est
447 1003 489 1075 (a.
506 999 598 1072 337),
609 1009 820 1078 consequenter
831 999 919 1060 debet
934 999 1095 1060 Methodus
1107 1000 1299 1078 suppeditare
1310 1000 1428 1068 media,

316 1117 392 1174 «quac
410 1117 464 1173 per
477 1117 506 1156 se
519 1098 579 1157 sint
593 1096 700 1157 idonea
714 1096 753 1157 ad
769 1098 979 1175 coguitionem,
994 1118 1071 1176 quae
1086 1097 1223 1175 perfecte,
1238 1096 1339 1174 quoad
1354 1095 1426 1155 fieri

317 1203 419 1269 potest,
434 1192 534 1252 ordini
547 1194 621 1252 reali
641 1193 819 1272 repondeat,
834 1194 1055 1272 adquirendam.
1097 1193 1246 1256 Jamvcro
1268 1197 1299 1253 in
1313 1195 1427 1254 ordine

206 1293 207 1296 ’
317 1290 390 1347 reoli
403 1289 558 1348 invenitur
577 1293 700 1350 varietas
713 1300 743 1350 et
756 1292 863 1362 unitas,
878 1312 916 1350 ex
937 1312 1064 1366 quarum
1080 1292 1289 1370 conjunctione
1311 1292 1426 1349 mundi

320 1386 511 1464 pulchritudo
526 1387 694 1464 consurgit:
716 1388 869 1448 invenitur
882 1390 1006 1448 uarietas
1020 1389 1050 1447 iu
1066 1388 1179 1448 entium
1203 1389 1427 1471 multitudinm

319 1483 469 1544 iuvenitur
482 1485 580 1542 unitus
594 1485 624 1542 in
647 1483 849 1556 relationibus,
865 1505 938 1563 quas
960 1485 1033 1544 haec
1053 1485 1135 1545 entia
1148 1486 1211 1545 sive
1226 1485 1264 1544 ad
1279 1486 1428 1554 invicem,

316 1580 378 1639 sive
402 1599 469 1638 oum
494 1580 555 1638 suis
577 1580 681 1651 causis,
705 1580 837 1658 efficienti
861 1580 1032 1659 praesertim
1055 1594 1086 1641 et
1101 1582 1202 1660 finali,
1227 1581 1357 1641 habent:
1378 1583 1427 1642 ad

317 1679 480 1736 varietatem
501 1687 599 1737 autem
622 1677 853 1756 percipiendam,
868 1679 1004 1756 auelyeia,
1019 1678 1059 1737 ad
1079 1680 1220 1736 uilitatem
1235 1697 1305 1736 vero
1329 1678 1430 1738 inter-

319 1774 495 1834 noscendum
519 1774 681 1852 requiritur
702 1773 855 1852 ripathcela
899 1773 1112 1849 Quamobrem,
1139 1783 1171 1832 ut
1201 1773 1358 1832 methodus
1379 1773 1428 1832 sit

315 1893 369 1947 per
382 1892 411 1930 aa
425 1869 530 1930 ideam
544 1870 583 1930 ad
597 1870 810 1949 acquirendam
831 1870 995 1942 scientiam,
1010 1891 1087 1949 quae
1100 1869 1201 1930 ordini
1214 1870 1289 1928 reoli
1302 1891 1429 1947 respon-

318 1969 392 2040 deat,
408 1987 556 2026 necessum
573 1979 625 2039 est,
640 1977 673 2026 ut
686 1966 832 2045 Synthesis
845 1967 971 2045 Aualyai
985 1966 1192 2045 conjungatur.

358 2061 772 2138 Tertio-Quemadmodum
783 2063 915 2134 scientia,
927 2063 970 2122 ita
981 2063 1093 2140 pariter
1108 2061 1278 2132 Methodus‚
1290 2082 1367 2139 quae
1378 2063 1425 2118 ad

318 2159 457 2218 scientiae
484 2159 709 2237 acquisitionem
738 2160 903 2232 ordinatur,
928 2158 1017 2219 debet
1044 2165 1167 2217 ismarae
1194 2169 1224 2216 et
1252 2157 1419 2217 conditioni

318 2259 507 2334 capuceo-eatis
529 2256 755 2335 proportionari.
798 2256 895 2334 Atqui
910 2254 997 2314 Meus
1010 2255 1153 2326 humana,
1167 2255 1192 2314 si
1214 2253 1423 2314 consideretur

320 2355 411 2432 ipsius
425 2363 534 2413 natura
548 2362 578 2413 ct
591 2352 731 2412 debilitas
746 2353 867 2412 luminis
888 2351 1108 2424 intellectualis,
1122 2372 1182 2430 quo
1203 2351 1342 2422 donatur,
1358 2372 1420 2410 uon

321 2461 415 2529 potest
429 2450 547 2529 plenam
565 2469 669 2528 capere
683 2449 820 2510 notitiam
837 2450 887 2522 rei,
903 2449 960 2508 uisi
985 2448 1068 2508 illam
1086 2451 1118 2507 iu
1137 2449 1231 2526 plara
1246 2447 1421 2526 dblinyuut,

318 2561 347 2606 et
361 2546 548 2626 postmodum
564 2547 638 2606 haec
655 2547 748 2624 plara
761 2546 801 2604 od
823 2548 963 2606 unitatem
984 2547 1091 2606 iterum
1116 2555 1250 2604 revocet:
1272 2544 1421 2604 distinctio

319 2659 417 2705 autem
442 2665 494 2723 per
507 2644 669 2722 Analyeinu
684 2643 811 2702 reductio
827 2663 896 2703 vero
910 2644 949 2703 ad
964 2644 1109 2702 unitatem
1124 2643 1159 2702 fit
1182 2662 1234 2720 per
1247 2641 1420 2720 Spectatur.

320 2744 401 2822 Ergo
416 2741 577 2802 Methodus
592 2741 817 2820 proportionata
833 2751 957 2800 naturae
972 2740 1121 2799 humanae
1136 2739 1243 2798 mentis
1256 2751 1301 2798 est
1315 2739 1418 2814 arraly-

318 2845 356 2900 sis
369 2839 494 2919 synthesi
507 2839 673 2918 conjuncta.

361 2937 409 2996 Ex
427 2937 513 2996 dictis
535 2936 656 3014 colliges
677 2957 790 2995 errores
804 2955 904 2994 ornnes
928 2933 1248 3005 Materialistarun1‚et
1263 2931 1423 2992 Idealista-

320 3054 397 3106 rum,
420 3033 591 3111 praesertim
614 3030 942 3102 Transcendcutalium‚
964 3050 1001 3090 ex
1024 3029 1178 3107 Synthesis
1204 3027 1251 3088 vel
1274 3027 1422 3106 Analysis

320 3130 490 3190 exclusione
504 3137 601 3188 ortum
625 3127 771 3188 habuisse.
814 3127 931 3187 Priores
944 3127 1024 3185 enirn
1045 3124 1161 3204 analysi
1176 3124 1338 3184 dumtaxat
1351 3144 1423 3183 oon-

321 3225 403 3298 tenti,
426 3224 586 3303 synthesim
613 3244 730 3282 omnem
755 3223 971 3300 neglexerunt:
993 3221 1166 3300 posteriores
1196 3220 1327 3298 synthesi
1351 3219 1422 3297 plus

321 3344 415 3402 aequo
437 3323 610 3391 insistentes,
625 3320 771 3398 analysim
795 3339 912 3380 omnem
936 3308 1119 3397 respuerunt
1163 3315 1213 3375 llli
1236 3317 1267 3375 iu
1290 3317 1420 3375 tactiset

321 3419 539 3498 «experimentis,
551 3439 627 3496 quae
642 3416 758 3496 analysi
769 3417 978 3495 subjiciuntur,
989 3415 1145 3474 materiam
1157 3413 1422 3492 deprehendentes,

295 3589 297 3594 ,
322 3537 379 3576 non
395 3515 451 3574 uisi
466 3514 543 3574 banc
556 3523 659 3573 extare
682 3512 820 3572 arbitrati
834 3523 921 3583 sunt;
943 3511 975 3570 hi
989 3531 1060 3572 vero
1075 3510 1289 3572 abstractioues
1311 3511 1422 3588 potius,

321 3632 411 3691 quam
426 3631 480 3682 res,
495 3631 571 3689 quae
581 3609 725 3669 muudum
739 3609 818 3668 hunc
830 3619 1000 3693 concretum?
1011 3618 1041 3668 et
1051 3605 1284 3686 adspectabilem
1296 3606 1422 3665 circum-

320 3719 409 3781 stant,
423 3708 537 3780 sectati,
549 3707 703 3767 scientiam
718 3707 881 3785 quamdam
896 3704 1087 3765 arbitrariam
1099 3703 1297 3774 confixerunt,
1308 3701 1357 3762 cui
1372 3703 1421 3762 vel

322 3827 382 3868 nou
397 3805 575 3884 respondent
596 3805 686 3877 facta,
701 3803 748 3864 vel
770 3824 840 3864 casu
862 3802 969 3881 potius,
983 3821 1074 3880 quarn
1089 3811 1171 3860 certa
1184 3810 1215 3859 et
1235 3797 1421 3858 immutabili

323 3903 672 3964 acneeeasariaratione.
715 3903 758 3978 (u.
774 3900 856 3977 363.)

366 3999 433 4060 366.
475 3997 627 4059 Probatur
648 3997 691 4058 II.
720 3997 901 4057 Assertionis
928 3993 1092 4076 pars-Ut
1113 3993 1238 4053 seientia
1259 3991 1421 4068 objectiones

327 4117 424 4158 rerum
455 4096 621 4156 realitatem
650 4095 734 4155 uobis
763 4095 938 4166 manifestet,
966 4091 1110 4171 Analysis
1138 4089 1226 4150 debet
1249 4089 1422 4168 Synthesim

323 4187 505 4273 praecedere.
547 4193 583 4254 ld
609 4203 724 4253 constat
750 4192 845 4270 primo
869 4212 907 4252 ex
933 4190 1028 4250 dietis.
1070 4187 1149 4248 Nam
1172 4207 1239 4246 curn
1266 4187 1297 4246 iu
1323 4206 1421 4246 rerum

324 4292 516 4352 universitate
536 4289 750 4350 consideranda
772 4288 857 4349 nobis
871 4307 923 4366 per
936 4307 967 4346 se
980 4305 1040 4346 non
1056 4294 1179 4364 pateant
1192 4283 1249 4342 nisi
1263 4281 1423 4340 individua
