3358 4952
472 388 528 447 128
965 386 1083 465 Lepino.

470 583 540 640 los-is
550 604 560 650 ;
581 581 606 642 si
627 591 728 642 autem
752 581 918 661 subjectum
941 582 1057 643 nullum
1082 583 1242 662 praesefert
1263 583 1393 661 signum,
1408 583 1568 662 propositio

470 678 579 739 dicitur
603 678 765 756 indefinito.
808 677 1014 759 Unaquaeque
1037 701 1098 741 esse
1123 689 1218 760 potest
1242 680 1290 740 vel
1315 680 1496 740 affirmativa
1511 680 1565 752 ‚vel

470 777 617 855 negativa.
661 776 825 837 Memoriae
840 777 994 857 juvandae
1008 799 1098 838 causa
1120 778 1281 858 propositio
1295 776 1472 839 universalis
1491 777 1568 837 affir-

472 874 594 945 mativa,
608 873 655 932 vel
671 873 812 950 negativa
826 874 1037 952 exprimuntur
1054 874 1160 936 litteris
1174 874 1214 947 A,
1230 875 1261 934 E
1266 897 1276 944 ,·
1298 874 1487 954 particularis
1498 894 1568 934 vcro

470 969 659 1042 affirmativa,
675 969 722 1031 vel
738 969 880 1049 negativa
892 969 997 1030 litteris
1008 970 1035 1044 I,
1053 971 1087 1044 0,
1100 981 1133 1031 ut
1145 972 1175 1030 iu
1187 971 1233 1032 his
1245 971 1398 1031 versiculis
1410 971 1566 1030 indicatur.

789 1067 829 1138 A,
971 1069 1007 1142 Ε,
1162 1071 1336 1147 penerulitm·

631 1163 746 1226 Asserit
849 1175 939 1242 negat
1028 1185 1131 1226 verum
1350 1165 1440 1226 ambo

795 1260 819 1320 Ι
980 1261 1014 1333 0,
1162 1264 1322 1341 special-iter

470 1357 537 1418 Has
550 1357 630 1418 enim
641 1357 719 1418 solas
733 1357 945 1438 propositiones
955 1359 1123 1420 considerat
1134 1359 1264 1438 Logicus
1275 1372 1304 1420 et
1314 1360 1382 1439 jure
1393 1359 1565 1436 meritoque,

471 1467 504 1516 ut
517 1476 555 1514 ox
570 1453 703 1514 dicendis
717 1454 841 1534 patebit

510 1552 576 1613 167.
619 1551 800 1612 Declaratur
826 1553 957 1614 munda
983 1554 1152 1614 assertionis
1187 1552 1489 1633 pars—Simplicitas
1519 1549 1563 1610 vel

468 1649 652 1728 lbmpositio
665 1649 873 1728 propositionis
882 1670 913 1710 se
927 1649 1037 1712 habere
1047 1661 1142 1730 potest
1156 1662 1220 1712 tum
1236 1673 1270 1711 ex
1279 1659 1365 1730 porte
1381 1653 1567 1710 immissorum
1636 1641 1638 1646 ’

470 1761 532 1805 tum
549 1766 582 1805 aa
590 1752 677 1822 porte
692 1741 930 1824 popositionum.
973 1737 1176 1823 Quamobrem
1202 1748 1311 1826 poterit
1324 1769 1384 1808 esse
1407 1747 1567 1827 propositio

470 1845 516 1904 vel
537 1843 676 1922 simplex,
690 1841 739 1904 vel
753 1845 925 1924 composita.

510 1941 677 2021 Propositio
690 1939 818 2020 simplex
832 1951 876 2002 est
890 1942 953 2032 illa,
968 1963 1044 2022 quae
1058 1944 1146 2004 unico
1160 1954 1277 2004 constat
1290 1943 1422 2023 subjecto
1436 1954 1466 2004 et
1479 1945 1566 2004 unico

470 2039 657 2119 praedicato:
679 2037 847 2117 diciturque
860 2037 950 2100 etiam
972 2040 1147 2118 categorica,
1162 2041 1233 2120 quia
1247 2041 1278 2099 in
1293 2061 1328 2100 ea
1343 2060 1435 2100 unum
1457 2039 1566 2120 simpli·

469 2136 541 2195 citer
560 2133 752 2213 praedicatur
764 2133 802 2194 de
815 2133 919 2208 altero,
933 2134 997 2196 aive
1010 2135 1129 2195 termini
1143 2137 1204 2197 sint
1225 2134 1417 2215 incomplexi‚
1431 2137 1494 2197 siue
1507 2136 1563 2196 sint

469 2233 618 2314 complexi
633 2235 676 2311 (n.
692 2233 764 2311 29.).

509 2333 677 2413 Propositio
699 2352 771 2393 vero
793 2333 957 2412 composita
979 2331 1033 2392 illa
1055 2343 1107 2404 est,
1123 2333 1152 2391 in
1175 2353 1235 2411 qua
1260 2332 1348 2411 plura
1370 2329 1503 2409 subjecta
1522 2328 1565 2388 vel

467 2432 558 2508 'plura
580 2429 752 2508 praedicata
775 2447 910 2490 connexa
934 2450 985 2510 per
1008 2429 1188 2509 particulam
1210 2430 1273 2490 sive
1294 2429 1493 2508 mptrloliumn,
1507 2427 1568 2486 sivc

468 2527 673 2586 ‹uleerantioom
694 2527 756 2587 sive
777 2527 918 2588 masolam
938 2527 1001 2588 sive
1021 2528 1169 2596 cebalinum
1181 2527 1344 2607 adjacent:
1374 2524 1564 2605 quamobrem

471 2625 629 2704 propositio
643 2624 755 2685 dicitur
774 2625 944 2703 mpnbrnno,
968 2624 1155 2696 adversativa,
1169 2624 1301 2696 cuneolis,
1315 2623 1443 2682 relativo.
1485 2620 1568 2681 Inter

468 2743 518 2782 eas
539 2721 695 2801 specialem
719 2721 897 2782 mentionem
921 2731 1072 2782 merentur
1092 2721 1306 2801 propositiones
1329 2720 1520 2798 hypotheticae
1539 2733 1567 2778 et

469 2818 650 2896 erponibrsslea
847 2877 853 2890 ,

508 2913 565 2974 Est
577 2923 678 2974 autem
701 2915 863 2994 propositio
878 2915 1072 2995 hypothetica
1098 2915 1259 2995 propositio
1273 2915 1437 2994 composita
1451 2911 1566 2974 duabus

469 3009 718 3088 propositionibus
733 3011 906 3088 categoricis
927 3011 1077 3084 connexis,
1094 3010 1140 3072 vel
1156 3011 1319 3090 disjunctis,
1335 3010 1383 3070 vel
1405 3009 1567 3090 conjunctis

470 3127 521 3184 per
543 3106 722 3185 particulam
736 3109 770 3180 si,
784 3109 835 3180 vel,
860 3108 955 3180 urard,
979 3103 1033 3168 aut
1057 3107 1332 3186 aequivalentibus:
1356 3106 1434 3166 unde
1460 3105 1566 3184 triplex

468 3211 526 3261 est:
554 3201 772 3276 Conditionulia,
794 3225 841 3264 sc:
864 3225 892 3264 v.
907 3226 935 3283 g.
978 3203 1027 3264 “Si
1043 3203 1132 3274 lucet,
1147 3204 1209 3264 dies
1230 3204 1309 3263 est:”
1333 3203 1526 3281 Iliq'anctieu,
1542 3223 1568 3260 r.

468 3325 495 3377 p.
518 3307 643 3381 “eorpus
657 3313 711 3363 aut
726 3313 873 3375 movetur,
888 3313 942 3363 aut
955 3302 1079 3382 quiescit
1090 3303 1116 3363 :⁹³
1144 3303 1343 3382 (bnjanctiom
1358 3322 1385 3362 v.
1401 3323 1428 3379 g.
1445 3305 1568 3378 “corpus

470 3419 527 3458 non
543 3409 680 3459 movetur
701 3399 790 3460 simul
806 3409 836 3460 et
849 3399 1228 3479 quiescit.”—Esponr'bilis
1242 3420 1312 3459 vero
1326 3409 1370 3458 est
1383 3419 1418 3458 ea
1440 3397 1568 3476 proposi-

470 3497 520 3568 tio,
534 3517 611 3574 quae
631 3495 730 3574 specie
751 3507 836 3556 tenus
860 3507 904 3558 est
927 3495 1064 3576 simplex,
1090 3517 1192 3576 reapse
1217 3506 1315 3556 tamen
1342 3507 1384 3556 est
1409 3495 1570 3575 composita

468 3595 585 3656 duabus
609 3595 713 3656 saltem
736 3595 987 3674 propositionibus
1009 3596 1191 3675 categoricis,
1208 3595 1238 3655 in
1260 3615 1333 3674 quas
1348 3596 1453 3672 asperti
1471 3599 1569 3672 potest

470 3692 547 3751 uncle
562 3692 618 3752 hae
632 3691 723 3771 ipsius
738 3699 906 3770 aspernenter
919 3692 1069 3778 dicuntur.
1113 3692 1248 3752 Discerui
1263 3691 1369 3752 solent·
1381 3711 1431 3769 per
1445 3689 1569 3750 exclusi·

470 3787 537 3849 vam
555 3789 667 3867 (mom,
682 3795 795 3848 madum
808 3789 878 3866 etc.)
895 3787 941 3849 vel
963 3788 1151 3870 exceptivam
1168 3788 1316 3868 (pt-ceter)
1333 3787 1379 3848 vel
1395 3783 1571 3866 comparati·

470 3907 538 3946 vain
556 3888 668 3965 (acque,
683 3885 910 3963 propiantibus)
928 3884 974 3946 vel
998 3885 1248 3965 reduplicativam
1271 3896 1325 3944 aut
1338 3881 1568 3962 specificativam

468 3985 632 4065 (quarterios,
653 3989 754 4062 prout,
779 3984 813 4042 in
837 3983 990 4064 mamam)
1017 4003 1077 4063 qua
1100 3982 1267 4064 subjectum
1292 3981 1339 4042 vel
1365 3979 1568 4060 praedicatum

469 4101 561 4160 propo
577 4080 675 4139 liniis
699 4079 835 4140 afficitur.
880 4081 1030 4156 Quocirca
1052 4079 1212 4158 propositio
1233 4077 1415 4157 exponibilia
1436 4085 1480 4137 est
1501 4095 1571 4154 qua·

470 4175 608 4256 druplcx.
1343 4195 1345 4200 ·

507 4273 727 4333 l.—-li.cr·lna'uae
747 4293 772 4332 v.
790 4296 817 4350 g.
861 4273 967 4333 “Solus
989 4273 1071 4333 Deus
1085 4283 1129 4333 est
1142 4283 1281 4333 aeternus
1292 4268 1517 4348 :²¹-“Angelus
1529 4281 1570 4328 est

467 4369 655 4432 solummodo
669 4369 818 4449 spiritns.”
