3118 4956
329 429 387 490 276
823 429 941 507 Inpios.

328 626 406 704 «prod
423 647 480 686 uon
502 627 538 686 sit
563 647 675 686 nosfflse
697 645 755 685 reru
783 627 826 685 its
850 647 980 694 essssc:
1003 627 1082 704 quod
1107 646 1165 684 nou
1193 646 1230 684 ex
1261 625 1430 685 necfflriis

329 725 469 802 procedat
483 724 650 794 conclusio;
672 724 733 782 sive
757 743 860 784 revers
881 725 924 784 its
938 745 998 784 esse
1022 724 1190 803 opinentur,
1205 725 1268 784 sive
1288 724 1429 784 orations·

328 833 381 880 stu
409 821 619 900 disputationis
646 831 728 880 nescu
759 820 789 879 id
818 820 922 891 velint,
949 842 1065 900 semper
1092 832 1192 880 tomen
1221 821 1271 880 lmc
1302 821 1427 880 medium

327 929 491 1000 urnumnut,
519 919 598 996 quud
634 917 785 978 conclusio
813 938 870 977 nou
899 919 939 977 sit
965 939 1002 977 ex
1039 917 1426 996 necessariis.—lo)-Quod

327 1015 485 1093 pmccipne
501 1014 581 1076 valet
603 1033 656 1094 pro
678 1015 940 1077 Demonstrationis
957 1023 1076 1094 propter
1090 1017 1169 1096 quil,
1186 1018 1216 1076 iu
1231 1037 1293 1095 qus
1307 1017 1429 1076 omnino

328 1112 496 1190 requiritur.
512 1123 544 1171 ut
566 1111 674 1172 smbne
694 1113 872 1190 praemissae
892 1114 952 1173 sint
973 1115 1160 1174 nccsmsrise.
1203 1113 1284 1173 Nam
1301 1124 1333 1172 ut
1356 1111 1429 1172 bene

327 1207 466 1268 observat
479 1209 508 1268 S.
524 1208 671 1268 Thomas:
686 1209 774 1270 “licet
788 1210 938 1270 conclusio
954 1213 1118 1271 necommin
1132 1213 1223 1290 possit
1237 1211 1375 1272 concludi
1391 1231 1426 1270 ex

329 1305 494 1386 praemissis
507 1306 748 1384 contingentibus
758 1309 801 1383 (n.
817 1307 900 1383 219.)
912 1309 959 1368 vel
971 1329 1007 1367 ex
1024 1309 1170 1370 alterutra
1184 1309 1224 1369 nd
1238 1309 1354 1380 minus;
1369 1327 1427 1368 non

328 1415 424 1485 potest
444 1417 544 1466 tumen
566 1409 642 1478 sciri,
657 1407 713 1466 nisi
739 1428 776 1466 ex
799 1408 976 1468 necessariis.
1020 1407 1172 1484 Quoniam
1197 1409 1276 1468 enim
1298 1409 1367 1468 sciri
1387 1421 1428 1467 ost

328 1509 466 1564 “esusem
492 1503 534 1562 rei
559 1505 751 1565 necessariam
767 1506 969 1584 cognoscere‚''
990 1507 1013 1565 si
1039 1507 1166 1566 medinm
1180 1506 1386 1585 contingenter
1399 1528 1429 1564 sc

329 1601 451 1662 habebit
465 1603 502 1662 nd
518 1602 721 1664 extremitates
737 1602 922 1682 (Subjectum
939 1625 988 1664 sc:
1009 1615 1039 1664 et.
1053 1603 1242 1672 Passionem)
1258 1623 1316 1664 non
1331 1605 1389 1664 erit
1402 1605 1427 1663 ei

327 1699 533 1769 uenenarium,
560 1708 591 1758 et
619 1719 671 1778 per
698 1719 877 1778 consequens
912 1701 1021 1779 poterit
1056 1701 1210 1772 removeri,
1239 1698 1428 1760 conclusione

326 1803 443 1854 stante:
463 1813 521 1853 non
537 1813 608 1870 ergo
628 1796 684 1854 en’t
705 1815 793 1854 nomo
812 1779 1008 1856 comisationis.
1052 1796 1101 1856 Ad
1123 1795 1179 1856 hoc
1201 1815 1280 1872 erpo,
1295 1795 1374 1874 quod
1389 1797 1426 1854 sit

327 1911 412 1950 mino
427 1892 623 1964 concussionis,
638 1893 801 1952 necessario
815 1893 947 1954 debetne
962 1893 1072 1954 habere
1085 1893 1124 1954 sd
1139 1891 1244 1953 amhn
1257 1892 1428 1953 extremita-

328 1997 387 2058 tes;
408 1997 437 2046 ot
457 1987 498 2046 sic.
520 1985 620 2046 ambae
638 1992 814 2066 praescissae
834 2001 922 2050 erunt
942 1989 1144 2050 noemonirc.”
1186 1988 1244 2067 Op
1266 1991 1313 2049 44.
1328 1989 1348 2048 l.
1363 2009 1388 2048 c.
1403 2013 1427 2048 c.

328 2085 442 2144 :s-(tf.
457 2086 546 2144 ctiam
565 2085 590 2144 l.
606 2083 684 2145 Post
700 2085 754 2145 lec.
770 2084 1006 2146 IV.-Toletum
1024 2089 1049 2146 1.
1065 2085 1145 2147 Post
1160 2087 1191 2146 in
1206 2105 1270 2165 cnp.
1287 2085 1351 2146 lv:

368 2181 434 2241 321.
476 2179 726 2242 Tertio-Debet
748 2183 905 2261 procedere
919 2205 953 2242 cc
970 2203 1024 2260 pcr
1037 2182 1341 2244 sc.-—Demoustrntio
1362 2203 1426 2262 pro

327 2279 405 2340 cedit
430 2301 463 2339 ec
484 2282 657 2350 necessariis,
680 2289 714 2340 ut
735 2280 848 2340 dictum
874 2291 926 2340 est.
971 2280 1064 2358 Atqui
1088 2279 1252 2340 neceaenris
1273 2289 1344 2339 sunt
1365 2278 1428 2340 ills.
1540 2257 1541 2304 3

326 2399 402 2457 quse
422 2388 493 2439 sunt
509 2399 606 2456 porse
620 2388 650 2439 et
670 2399 729 2460 non
747 2397 801 2456 por
823 2379 961 2438 omideru.
1005 2375 1348 2455 Ergo-Confirmatnr.
1390 2375 1425 2435 ln

329 2475 589 2536 Demonstratione
616 2475 799 2536 affirmativo
822 2483 942 2554 propter
970 2475 1041 2555 quid
1068 2473 1195 2534 medium
1221 2483 1265 2533 cst.
1292 2471 1425 2534 definitio

326 2572 450 2652 subjecti
464 2571 553 2632 simul
567 2584 689 2651 sumpts
702 2591 769 2632 cum
785 2570 956 2632 delinitione
972 2571 1121 2650 passionis
1164 2569 1256 2632 Unde
1269 2570 1300 2630 in
1317 2569 1426 2648 Major-i

327 2673 423 2749 passio
446 2671 638 2750 praedicatur
660 2671 698 2731 de
721 2670 893 2731 delinitione
916 2669 1052 2749 subjecti,
1077 2670 1107 2729 in
1129 2689 1190 2748 qus
1213 2670 1426 2748 exprimuntur

328 2767 475 2846 principio
498 2767 667 2844 (materiale
691 2787 738 2828 sc:
770 2768 897 2829 formale
921 2780 950 2830 et
978 2767 1121 2834 efficiens)
1150 2767 1242 2847 ipsius
1267 2767 1426 2846 passionis:

328 2883 396 2922 nom
418 2862 583 2942 subjectum
612 2874 805 2943 comparatur
833 2867 871 2926 sd
901 2868 1028 2944 primam
1058 2866 1221 2944 passionem
1252 2865 1283 2924 in
1312 2865 1425 2925 rstione

326 2981 429 3020 cosmoe
442 2980 499 3019 non
518 2961 605 3020 modo
625 2953 791 3033 maeonio,
805 2962 855 3021 sed
877 2963 966 3022 etism
983 2962 1146 3040 effin'cntir:
1167 2961 1307 3040 quocirca
1328 2959 1429 3020 defini·
1539 3031 1540 3054 ζ

327 3057 368 3117 tio
395 3056 519 3135 subjecti
548 3057 635 3116 simul
664 3067 784 3136 sumpta
813 3077 880 3120 cum
909 3057 1081 3118 definitione
1114 3057 1256 3136 passionis
1283 3056 1424 3135 exprimit

327 3173 444 3212 cansam
459 3153 656 3212 immediatum
669 3163 700 3214 et
713 3157 902 3214 neceesarium
915 3155 1007 3232 ipsius
1022 3153 1183 3232 passionis:
1206 3152 1255 3212 hie
1268 3161 1369 3212 nutem
1384 3163 1425 3210 est

326 3259 456 3330 quartus
478 3250 583 3310 modus
611 3251 728 3311 dicendi
754 3271 808 3329 pec
829 3273 864 3311 se.
908 3249 943 3309 ln
972 3252 1079 3332 minoqi
1106 3261 1206 3311 sutem
1236 3248 1426 3327 praedicatur

327 3348 460 3408 delinitio
473 3349 511 3408 de
524 3346 672 3427 subjecto;
693 3359 723 3408 et
738 3348 786 3407 hic
800 3358 844 3408 cst
858 3348 972 3426 primus
986 3347 1092 3408 modus
1106 3347 1223 3407 dicendi
1241 3367 1297 3425 per
1310 3367 1347 3406 se..
1390 3345 1423 3404 ln

327 3445 515 3506 conclusione
529 3445 648 3504 demum
672 3445 863 3522 praedicatur
876 3444 996 3524 proprio
1011 3445 1108 3523 psssio
1121 3444 1159 3504 dc
1172 3463 1225 3503 suo
1238 3442 1381 3522 subjecto.
1395 3453 1423 3500 et

329 3543 378 3602 hic
392 3551 436 3602 est
456 3541 602 3602 socundus
623 3541 729 3601 modus
749 3540 867 3601 dicendi
884 3561 941 3620 per
953 3563 989 3601 se.
1033 3539 1124 3618 Ergo.
1167 3539 1318 3617 Exemplo
1333 3539 1425 3600 litrss

327 3641 443 3700 clarior.
488 3637 567 3698 Volo
580 3637 783 3697 demonstrare
796 3637 876 3715 qnod
887 3638 1002 3696 “omnis
1016 3655 1158 3696 numerus
1168 3635 1378 3715 quaternarius
1390 3635 1426 3692 sit

329 3737 417 3816 psr:’'
445 3737 487 3796 sic
515 3735 682 3813 procedam.
724 3733 851 3794 “Omsn
877 3733 1030 3794 mnddndu
1057 3741 1224 3793 mensurato
1245 3751 1301 3810 per
1327 3751 1426 3792 smum.

327 3837 409 3914 ctsjcn
417 3853 474 3912 per
487 3856 515 3890 sc
531 3853 588 3892 nors
603 3839 641 3893 cd
655 3832 791 3904 sudium,
800 3843 844 3892 est
858 3851 928 3910 par:
951 3831 1035 3910 suqni
1050 3831 1145 3891 omnis
1159 3829 1369 3914 quaternarius
1381 3842 1422 3888 est

326 3930 492 4010 iujusnsodi
505 3929 666 3989 multitudo.
710 3929 792 4007 Ergo
806 3928 902 3988 omnis
912 3927 1122 4008 quaternarius
1135 3937 1179 3986 est
1193 3927 1275 4005 per.''
1319 3925 1355 3985 ln
1370 3925 1424 3984 hoc

326 4027 464 4106 exemplo
485 4025 659 4103 Subjootum
674 4037 718 4086 est
739 4028 965 4105 pistomarcos:
986 4025 1083 4103 passio
1096 4035 1139 4084 est
1151 4045 1220 4102 por,
1233 4043 1284 4083 seu
1296 4026 1426 4102 partun:

328 4127 456 4187 medium
473 4143 543 4184 vero
557 4123 631 4183 dicit
649 4123 851 4183 definitionem
867 4125 991 4195 ntsmeri,
1005 4125 1023 4183 i.
1038 4141 1062 4182 s
1078 4117 1250 4180 “multitndo
1263 4127 1424 4180 matun-oto

323 4241 378 4302 pcc
390 4222 510 4294 nuum,”
522 4235 551 4280 et
564 4220 653 4280 simul
668 4219 742 4280 dicit
752 4218 954 4280 definitionem
967 4223 1060 4297 puris⁹
1071 4219 1143 4297 quis
1158 4221 1261 4296 “poris
1274 4217 1425 4277 mumdum

324 4341 353 4380 sc
366 4337 426 4380 uun
440 4326 479 4380 est
500 4317 653 4377 risedium.”
696 4315 732 4376 In
747 4317 853 4394 mojori
874 4316 1066 4394 praedicatur
1087 4315 1183 4394 passio
1196 4316 1234 4374 de
1254 4313 1425 4374 definitione
1537 4377 1538 4396 1
