3118 4956
448 430 495 490 De
521 431 616 490 Tertia
639 429 747 490 Martia
774 428 955 508 Operatione.
1191 423 1248 486 183

147 648 215 688 oum
232 627 289 687 bac
303 627 433 706 objectiva
447 627 603 700 identicae,
618 625 665 688 vel
681 626 815 686 divorsae
829 625 969 686 inventae
982 634 1060 684 suut.
1101 621 1247 684 Jumuero

150 724 206 784 hoe
221 723 350 802 idipsum
361 723 492 783 exterius
502 723 646 801 exprimit
659 721 865 802 syllogismus,
877 721 960 801 cujus
974 721 1048 780 hacc
1062 729 1106 780 est
1119 729 1246 780 natura:

145 829 179 878 ut
193 817 253 879 duo
279 818 422 879 illationis
446 819 565 879 termini
591 818 821 898 conjungantur,
836 827 889 878 aut
910 827 1103 898 separentur;
1118 816 1189 896 quia
1214 817 1244 875 in

147 912 315 991 praemissis
335 916 493 993 conmaroti
516 935 583 975 eum
610 935 670 977 uno
693 915 856 995 eodemque
879 915 1015 988 termino,
1037 915 1152 976 inventi
1176 923 1246 975 sunt

142 1031 210 1070 cum
226 1032 261 1070 co
282 1013 449 1084 convenire,
463 1013 511 1072 vel
534 1033 625 1074 secus.
667 1011 750 1092 Ergo
773 1010 970 1092 Syllogiamus
992 1011 1174 1072 adamussim
1198 1031 1247 1070 ex·

145 1109 249 1189 primit
263 1109 461 1170 ratiocinium.

185 1205 331 1265 II.—llla
345 1207 574 1285 argumentatio,
588 1206 627 1267 ud
642 1227 732 1286 quam
748 1217 862 1267 ceterae
876 1227 977 1267 omues
997 1207 1190 1279 reducuntur,
1204 1216 1248 1266 est

145 1303 358 1382 perfectissima
378 1304 610 1382 argumentandi
631 1304 736 1365 forma.
779 1304 874 1384 Atqui
889 1302 1087 1384 Syllogismus
1100 1315 1144 1364 est
1157 1323 1247 1382 argu·

145 1399 297 1472 mentatio,
318 1399 357 1460 ad
382 1421 471 1480 quam
496 1411 610 1462 ceterae
634 1421 735 1462 omues
758 1395 1030 1480 argumentationes
1054 1399 1247 1460 reducuntur.

145 1495 228 1574 Ergo
242 1495 439 1575 syllogismus
453 1508 497 1556 est
511 1495 723 1576 perfectissima
738 1496 971 1576 argumentandi
985 1495 1090 1557 forma.

186 1593 338 1656 Probatur
351 1595 482 1654 secunda
495 1595 667 1673 propositio,
679 1615 749 1655 nam
764 1595 863 1675 prima
873 1605 917 1656 est
927 1594 1048 1656 evidens
1061 1593 1152 1673 (illud
1164 1595 1243 1654 euim

145 1692 176 1751 iu
191 1691 294 1770 aliquo
316 1711 422 1771 genere
436 1691 547 1752 censeri
570 1691 659 1752 debet
682 1690 821 1764 nobilius,
836 1690 875 1752 ad
898 1679 1094 1770 quod'omnia
1116 1691 1171 1751 sub
1194 1690 1248 1750 illo

145 1809 261 1864 genere,
276 1787 322 1848 vel
339 1788 425 1868 quasi
438 1808 555 1867 genere,
569 1797 709 1849 contenta
724 1787 927 1865 revocantur).

186 1887 305 1948 Revera
326 1886 585 1965 aryameutatioaia
599 1886 771 1964 fornicata
794 1906 832 1947 ex
855 1885 942 1946 dictis
965 1897 1089 1959 constat,
1104 1895 1174 1946 suut
1188 1885 1248 1945 En-

146 1984 294 2062 tltymema,
309 1983 423 2055 Saritaa
438 1983 593 2055 Didemrnu,
609 1981 753 2042 diductio.
794 1981 866 2044 Jam
882 2002 945 2062 age.

187 2081 254 2140 229.
297 2079 641 2158 Primo-Enthymesin
661 2100 721 2140 nou
743 2087 796 2152 est,
810 2079 867 2140 nisi
890 2079 1085 2140 obtruncatus
1108 2079 1249 2160 Syllogis·

147 2198 222 2250 inus,
236 2177 267 2236 iu
292 2197 352 2257 quo
366 2197 413 2237 so:
435 2177 516 2237 deest
538 2176 586 2236 vel
610 2176 714 2256 major,
728 2175 776 2237 vel
799 2176 898 2236 minor
919 2176 1091 2256 propositio,
1106 2185 1195 2255 prout
1217 2175 1247 2235 iu

144 2275 208 2354 ipso
233 2274 314 2335 deest
336 2273 506 2354 propositio,
528 2293 604 2352 quae
626 2273 758 2334 continet
779 2273 996 2353 praedicatum,
1010 2259 1246 2353 velsubjeotum

146 2373 352 2434 conclusionis.
394 2373 508 2452 Supple
521 2371 601 2452 quud
621 2372 704 2432 deest
717 2371 865 2445 exterius;
887 2370 1012 2432 habebis
1032 2371 1247 2451 syllogismum.

188 2471 254 2530 230.
296 2468 588 2531 Secundo-Sordes
601 2475 701 2528 autem
716 2475 761 2528 est
773 2467 1014 2547 syllogismorum
1028 2467 1200 2558 macarutii>
1219 2475 1249 2527 et

150 2567 268 2628 nonnisi
282 2566 496 2627 amidentaliter
509 2565 609 2625 differt
620 2585 638 2625 a
648 2563 820 2645 syllogismo
831 2565 870 2624 ad
880 2565 1038 2644 ipsumque
1048 2563 1249 2637 revocabitur,

146 2666 180 2737 εἰ,
196 2685 274 2743 quae
288 2674 462 2744 sequuntur,
476 2683 549 2742 prae
562 2660 664 2723 oculos
677 2661 806 2734 habeae3
826 2681 874 2722 sc:
895 2662 927 2720 in
941 2659 1055 2734 Sorite;
1132 2677 1139 2694 ·

188 2761 364 2839 a)—omues
383 2764 508 2822 minace
528 2758 779 2840 syllogismomm,
794 2758 902 2838 quibus
923 2760 1122 2839 componitur,
1136 2767 1250 2838 mepta

146 2858 255 2916 retineri
273 2859 368 2935 primi
388 2857 544 2936 ayltapismi
553 2879 564 2928 ;
586 2857 656 2918 item
671 2877 773 2917 omues
795 2857 995 2930 amramitae,
1009 2863 1123 2936 acceptu
1137 2858 1249 2918 concta

144 2957 225 3015 aione
238 2956 334 3014 ultirni
347 2955 514 3034 eyltopiorni,
528 2955 738 3015 reticentur.—

188 3049 358 3127 b)—mi·nor
376 3051 470 3129 prinei
492 3051 649 3130 ayllopiaai
663 3051 785 3129 ponitur
806 3051 903 3129 primo
924 3049 1008 3123 looo;
1028 3051 1157 3112 secundo
1179 3071 1249 3112 vero

148 3147 213 3206 loeo
239 3147 359 3226 ponitur
384 3149 477 3226 niujor
501 3147 645 3226 academ
666 3148 762 3220 tertio,
785 3157 893 3226 quarto
917 3157 973 3208 ete.
997 3147 1071 3222 loco,
1096 3159 1249 3228 ponuntur

148 3245 272 3321 riurjoreo
285 3243 527 3322 subsequentium
542 3241 835 3322 syllogismomm.-
1026 3233 1030 3240 ⁶

189 3340 378 3420 cy-siugula
414 3341 643 3420 praemissamm
671 3340 804 3420 ntbjeem
832 3349 943 3420 arrepto
969 3342 1092 3422 najara
1122 3345 1248 3422 primae,

38 3514 41 3522 ,
147 3457 270 3498 ruunere
283 3437 374 3498 aedit
387 3439 504 3498 tamriai
517 3437 735 3516 iunguntur.—

190 3535 283 3596 Hisce
307 3535 499 3615 praenotatis,
522 3534 665 3596 facillime
686 3533 797 3595 Sorites
820 3535 858 3594 ad
881 3534 1008 3596 formam
1031 3534 1246 3615 syllogisticam

148 3632 308 3692 reducitur.
330 3631 379 3691 Sia
395 3652 421 3692 v.
436 3653 464 3710 g.
479 3631 589 3691 Sorites
602 3631 645 3708 (n.
661 3629 743 3705 225.)
755 3631 786 3689 in
799 3639 859 3691 tres
873 3630 1032 3692 resolvitur
1045 3631 1247 3712 syllogismos:

295 3729 372 3806 'Qui
387 3729 477 3788 martti
492 3727 636 3788 deciderat
657 3727 760 3788 multis
773 3736 848 3807 eget,

311 3809 375 3885 Qui
389 3809 567 3887 cupiditates
581 3827 649 3868 suas
664 3827 722 3868 uon
738 3818 861 3882 coercet,
875 3809 966 3868 mutto
979 3809 1123 3870 desiderat
1131 3831 1142 3882 ,·

312 3890 374 3966 Qui
389 3888 569 3968 cupiditates
582 3908 650 3948 suas
664 3908 724 3948 uon
739 3898 861 3962 coercet,
877 3888 979 3951 multis
993 3899 1067 3968 eget

283 3989 296 4088 ς
310 3985 375 4080 Qui
388 3987 486 4080 rancidis
500 3991 559 4063 apat
573 3984 723 4064 inquietus
737 3984 823 4058 vivit,
951 4067 956 4080 ι

279 4093 289 4110 2
310 4067 371 4143 Qui
387 4066 566 4146 cupiditates
579 4085 648 4126 suas
661 4085 721 4126 uon
736 4077 859 4140 coercet,
873 4066 970 4128 matta
983 4073 1043 4145 apat
1050 4088 1061 4137 ,·

283 4110 373 4224 lQui
388 4147 566 4225 cupiditates
579 4166 648 4206 suas
662 4166 722 4206 non
736 4155 850 4206 coercet
864 4146 1013 4225 inquietus
1027 4147 1112 4209 vivit

282 4243 372 4349 y'Qui
389 4242 724 4336 inquictuapioitestm
743 4261 782 4316 er,
869 4325 875 4338 Ι
941 4323 947 4338 .
1044 4325 1079 4339 ..

310 4324 372 4400 Qui
387 4323 565 4402 cupiditates
578 4342 647 4383 suas
661 4341 719 4390 nou
735 4331 849 4383 coercet
862 4329 1009 4403 iuquietare
1022 4329 1089 4384 matt
1096 4345 1107 4396 ,·

280 4361 371 4482 lQui
386 4403 564 4484 cupiditates
577 4395 722 4464 suasit*
747 4412 848 4464 bereet
860 4413 903 4464 ει*
918 4403 1015 4465 miser.
