3138 4956
337 391 394 452 282
831 395 951 473 Lepino.

334 587 459 646 scientia
479 586 982 666 declarat-Tertiu—Dipaitatee
1003 588 1089 648 nulla
1103 588 1153 650 viu
1177 589 1304 667 probare
1325 601 1384 648 est:
1405 599 1436 647 at

243 741 250 763 Ι
336 683 496 743 Posiliones
517 682 691 762 probantur,
712 685 735 743 si
760 704 826 744 non·
842 685 1104 758 demonstratione,
1127 685 1300 745 inductione
1321 684 1438 750 saltem,

335 791 389 840 aut
402 781 540 859 exemplo
554 781 656 859 aliquo
679 781 916 854 manifestantur,
930 781 1076 860 siquidem
1092 802 1150 841 non
1166 782 1267 842 statim
1283 803 1320 841 ex
1337 781 1435 841 terrui·

335 901 440 942 norum
456 881 690 959 apprehensione
704 891 931 958 cognoscuntur,
946 882 1023 940 sicut
1037 881 1206 958 dignitates.

377 981 426 1040 Ad
455 1000 517 1037 rem
544 978 575 1038 S.
603 977 749 1037 Thomas:
786 977 1061 1037 “Qnsiderandum
1085 989 1137 1048 est,
1162 976 1241 1056 quod
1265 995 1437 1034 communes
1538 1039 1539 1064 ,

335 1077 427 1136 animi
459 1075 665 1152 conceptiones
695 1075 757 1151 (sc:
792 1073 972 1150 Dipnitntes)
1001 1073 1114 1133 liabent
1145 1073 1260 1150 aliquid
1292 1092 1437 1130 commane
1538 1065 1539 1084 ¹

336 1195 403 1234 eum
419 1172 486 1232 aliis
507 1171 660 1250 principiis
681 1171 940 1230 demonstrationis
962 1173 1022 1247 (soz
1046 1155 1256 1247 Partitionibus)
1278 1179 1308 1228 et
1322 1167 1436 1246 aliquid
1538 1183 1539 1204 ³

331 1272 495 1348 propriam.
543 1267 697 1328 &inmune
717 1267 836 1345 quidem
859 1267 980 1338 habent,
1001 1269 1073 1344 quia
1095 1287 1210 1326 neccsse
1230 1275 1274 1326 ast
1295 1277 1356 1326 tam
1374 1264 1436 1334 illa,
1538 1263 1539 1276 ¹

335 1387 425 1444 quam
441 1365 502 1425 alia
517 1365 663 1443 principia
679 1384 735 1441 pcr
748 1383 777 1422 ae
790 1383 851 1422 esse
864 1384 938 1422 vcra.
981 1363 1142 1440 Proprium
1155 1373 1255 1424 autern
1271 1374 1316 1423 est
1329 1363 1436 1423 horum
1538 1415 1539 1418 ,

336 1463 559 1540 principiorum,
582 1461 661 1539 quod
686 1480 746 1519 non
773 1459 869 1520 solnm
892 1481 1008 1520 neccsse
1032 1472 1075 1520 est
1098 1481 1133 1520 ea
1151 1481 1249 1538 perae
1272 1481 1345 1520 vera
1369 1481 1438 1522 aare.

335 1559 491 1618 sedetiam
513 1577 626 1617 necesse
640 1567 684 1616 cst
704 1556 805 1630 videri,
819 1557 899 1636 qnod
920 1558 980 1618 sint
996 1578 1188 1635 persevera
1232 1557 1344 1618 Nullus
1357 1557 1437 1616 enirn

336 1667 434 1736 potest
467 1677 519 1735 per
545 1677 575 1716 so
603 1656 718 1734 opinari
754 1655 905 1716 contraria
933 1657 1064 1717 eorum.''
1106 1657 1149 1716 Et
1175 1658 1218 1716 sic
1252 1656 1394 1734 differant
1420 1677 1438 1714 a

335 1752 532 1832 positionibus
556 1752 729 1831 (quaesunt
749 1753 853 1832 petitio
875 1763 905 1814 et
926 1755 1114 1834 suppositio).
1156 1753 1236 1814 Nam
1260 1753 1390 1813 “Petitio
1410 1766 1436 1812 et

336 1849 506 1928 Suppositio
534 1851 667 1909 anteriori
686 1851 808 1922 ratione,
830 1850 849 1910 i.
872 1871 896 1910 e.
922 1850 1181 1928 argumentatione
1202 1851 1304 1929 aliqua
1333 1849 1437 1909 confir-

336 1946 412 2005 mari
428 1955 564 2024 maurit:
586 1945 636 2004 aed
651 1945 817 2006 communis
838 1946 931 2006 animi
945 1947 1100 2025 conceptio
1122 1968 1180 2006 non
1195 1957 1240 2007 est
1253 1947 1295 2006 ad
1317 1949 1438 2028 ederim

335 2047 484 2116 rationem,
498 2043 569 2121 quia
584 2063 642 2102 non
664 2053 760 2122 potest
779 2043 901 2122 probari
917 2065 969 2122 per
983 2043 1116 2122 aliquam
1134 2043 1437 2126 argumentationem,

335 2139 385 2198 sed
400 2150 444 2198 cst
458 2138 498 2197 ad
511 2159 574 2198 eam
594 2141 744 2210 rationem,
766 2159 842 2217 quae
856 2147 899 2199 est
913 2143 946 2198 ia
960 2141 1069 2211 anima,
1084 2140 1156 2218 quia
1178 2139 1291 2198 lumine
1306 2138 1436 2198 naturali

335 2235 504 2296 intellectus
527 2236 627 2295 statim
644 2235 678 2296 iit
692 2249 772 2296 nota.
815 2235 857 2295 Et
870 2236 949 2314 quod
966 2257 1024 2295 non
1040 2237 1079 2296 sit
1093 2236 1133 2295 nd
1154 2240 1277 2296 celerias
1298 2239 1436 2296 rationem

336 2341 435 2412 patet:
458 2333 529 2411 quia
544 2353 603 2392 non
617 2331 653 2392 fit
666 2331 857 2412 syllogismus
871 2353 924 2412 per
938 2333 1053 2412 aliquid
1069 2335 1200 2393 exterius
1214 2333 1253 2392 ad
1269 2333 1439 2413 probandas

336 2430 506 2510 hujusmodi
528 2450 698 2490 communes
722 2430 815 2489 animi
841 2431 1054 2508 conceptiones.
1097 2427 1140 2489 Et
1163 2429 1243 2508 quod
1268 2429 1436 2510 hujusmodi

336 2548 394 2587 non
410 2536 480 2586 sunt
494 2537 581 2586 notae
595 2527 648 2605 pei
661 2527 838 2586 exteriorem
854 2527 1010 2598 rationem,
1020 2525 1069 2585 sed
1080 2546 1137 2602 per
1148 2527 1322 2596 interiorem,
1335 2523 1437 2602 probu-

336 2636 387 2686 tur
411 2647 464 2704 per
488 2625 553 2699 hoc,
567 2625 648 2704 quod
670 2625 810 2684 exteriori
836 2627 951 2684 ratione
974 2634 1071 2703 potest
1095 2625 1210 2696 instari,
1224 2622 1273 2683 vel
1298 2643 1377 2696 vere,
1391 2623 1437 2684 vel

337 2735 525 2802 apparenter,
539 2724 673 2782 ittleriort'.
686 2735 785 2784 autem
801 2725 914 2782 ratione
928 2744 986 2782 non
1002 2734 1046 2782 est
1056 2723 1192 2800 possibile
1205 2743 1316 2800 semper
1326 2725 1438 2781 letaturi.
1503 2719 1509 2736 ⁸
1538 2789 1539 2800 χ

248 2861 251 2866 -
338 2817 381 2878 Et
395 2819 451 2878 hoc
464 2819 540 2892 idea,
554 2819 626 2898 quia
647 2817 723 2878 nilril
739 2828 782 2879 est
804 2819 878 2878 adeo
901 2839 1016 2891 verum,
1031 2819 1103 2898 quin
1127 2840 1191 2878 uoce
1213 2819 1316 2896 negari
1338 2819 1437 2898 possit
1538 2805 1539 2870 Ῐ

338 2915 418 2976 Nam
435 2926 464 2976 et
478 2916 533 2976 hoc
555 2916 734 2994 principium
757 2916 951 2988 notissimum,
967 2916 1043 2996 quod
1058 2937 1117 2975 nnn
1130 2919 1278 2992 eaitttnqat
1291 2915 1369 2975 idern
1383 2937 1438 2976 ease
1538 2903 1539 2964 Ᾰ

339 3024 369 3072 et
382 3035 441 3072 non
463 3035 527 3085 esse,
541 3013 662 3091 quidam
690 3033 738 3071 ore
763 3022 957 3090 negaverunt.
1000 3013 1157 3088 Quaedam
1183 3033 1253 3072 vero
1267 3013 1344 3072 adeo
1369 3033 1438 3071 vera
1538 3081 1539 3106 i

338 3119 417 3182 sunt,
433 3110 512 3189 quod
537 3129 639 3169 eorum
662 3109 799 3188 opposita
821 3109 972 3169 intellectu
997 3109 1064 3187 capi
1087 3129 1146 3168 non
1169 3121 1301 3188 possunt,
1322 3121 1354 3168 et
1375 3108 1440 3168 ideo
1538 3107 1539 3130 ¹

338 3207 373 3265 ia
387 3209 520 3265 vt‘ntcriort'
533 3207 645 3264 ratione
658 3205 694 3264 iis
708 3205 826 3264 obviari
842 3226 900 3264 non
917 3216 1020 3283 potest,
1031 3203 1081 3264 sed
1095 3205 1192 3264 solum
1202 3205 1353 3278 exteriori,
1364 3225 1441 3284 quae

340 3313 383 3362 est
397 3322 450 3380 pcr
460 3321 571 3362 vocent.
607 3299 649 3360 Et
664 3300 834 3380 hujusmodi
849 3312 919 3360 sunt
930 3301 1023 3360 animi
1034 3301 1268 3378 conceptiones.”
1300 3301 1343 3378 (1.
1360 3299 1438 3360 Post

347 3399 412 3459 lect.
431 3400 476 3458 19.
1538 3455 1539 3458 ,

382 3495 472 3556 Ratio
481 3399 592 3554 )autem
615 3493 723 3554 ultime
745 3495 833 3574 hujus
847 3515 883 3554 ex
906 3495 971 3574 ipsa
985 3505 1094 3555 natura
1116 3493 1285 3555 intellectus
1298 3506 1343 3555 est
1358 3495 1439 3554 desu-

342 3593 456 3652 menda.
499 3591 568 3650 “'Ad
591 3591 744 3670 proprium
760 3591 838 3650 enim
854 3590 1001 3670 objectum
1026 3611 1222 3671 unaquaeque
1236 3591 1370 3669 potentia
1385 3611 1440 3668 per

340 3713 368 3752 ae
382 3691 547 3763 ordinatur,
560 3689 717 3749 tenendam
738 3688 814 3768 qaod
834 3691 898 3766 ipsu
921 3689 953 3766 (i.
968 3710 992 3749 e.
1015 3691 1045 3747 in
1066 3701 1213 3768 quantum
1236 3689 1439 3767 hujusmodi):
1538 3745 1539 3764 ,

341 3809 417 3868 qnae
431 3797 529 3847 atatem
545 3797 616 3847 sunt
630 3785 809 3865 hujusmodi,
819 3805 934 3864 semper
948 3786 1045 3845 eodem
1055 3785 1136 3845 modo
1147 3806 1177 3845 se
1188 3785 1309 3846 habent.
1343 3784 1439 3846 Unde

342 3898 481 3947 manente
495 3870 711 3965 potentia,i10u
727 3883 827 3943 deficit
840 3883 902 3962 ejus
918 3884 1065 3961 judicium
1081 3884 1162 3943 circu
1178 3887 1335 3960 proprium
1349 3881 1440 3962 objec

342 3997 415 4046 tum.
457 3983 615 4062 Objectum
644 3991 744 4040 antem
768 3983 926 4058 proprium
953 3979 1121 4040 intellectus
1148 3991 1192 4040 cst
1218 3981 1369 4059 qaidditua
1392 3981 1439 4040 rei

330 4081 432 4144 .Unde
447 4081 526 4140 circa
540 4077 739 4156 quidditatem
755 4077 807 4148 rei,
822 4098 918 4156 perse
933 4077 1090 4156 loquendo,
1105 4077 1274 4137 intellectus
1289 4097 1349 4137 non
1365 4077 1438 4138 falli·
1538 4111 1539 4166 q

343 4191 409 4252 tur;
430 4179 479 4238 sed
495 4177 632 4247 circaea,
647 4175 975 4253 qnaemssrmtmelanlrei
990 4161 1156 4245 essentiam,
1172 4172 1218 4232 vel
1234 4173 1439 4252 qnidditutent.
1538 4197 1539 4228 l

343 4276 510 4336 intellectus
521 4282 616 4351 potest
627 4271 703 4348 falli,
712 4271 785 4330 dum
797 4291 890 4330 anum
901 4271 1018 4330 ordinat
1029 4271 1068 4330 ad
1079 4270 1172 4342 aliud,
1182 4269 1229 4330 vel
1241 4269 1440 4348 conparando,
