3358 4952
514 459 561 520 De
581 460 714 521 &eunde
736 459 842 519 Mentis
869 459 1049 536 Operatione.
1272 454 1328 514 109

223 659 435 729 cognmentum
458 671 527 710 nam
543 652 606 730 ipsa
620 663 755 711 extrema
764 651 829 730 jam
844 659 929 709 (erum
943 649 1080 728 cognita3
1101 669 1171 727 ergo
1185 667 1327 726 copneeec

223 767 255 805 re
269 749 472 807 connexionem
485 747 567 808 illem
582 747 678 827 ipsum
694 757 737 808 est
746 747 891 826 judicare.

265 841 443 902 “Praeterea
456 843 480 903 si
496 855 654 924 postquam
670 844 736 922 quis
750 844 893 903 formavit
908 843 1146 921 propositionem,
1161 843 1254 904 alium
1270 842 1326 902 dis

225 939 352 998 tinctum
374 949 475 1000 actum
490 939 581 1012 elicit,
595 961 654 1019 qno
673 939 791 1020 judicat
805 940 848 999 ita
861 959 921 1000 uase
937 940 983 998 vel
1007 959 1066 1000 non
1087 958 1148 1001 esse
1169 953 1261 1012 ectus,
1276 938 1326 998 ille

223 1035 280 1094 erit
300 1055 372 1094 sune
395 1036 592 1113 pronunciare
614 1036 857 1096 intellectualiter
880 1037 1108 1115 propositionem
1131 1058 1191 1096 esse
1215 1057 1325 1108 veram,

225 1131 272 1190 vel
287 1131 404 1204 falsam,
418 1153 477 1193 nen
501 1143 545 1193 est
566 1145 667 1193 autern
691 1117 896 1204 necessarium,
911 1147 945 1194 ut
959 1153 993 1192 ce
1008 1133 1104 1205 modu,
1120 1133 1195 1194 idest
1210 1135 1242 1192 in
1256 1140 1322 1192 ectu

224 1229 348 1305 siponto,
363 1227 530 1289 intellectus
547 1229 663 1309 judicet
685 1229 774 1290 talem
800 1231 1029 1308 propositionem
1044 1249 1105 1289 asse
1128 1251 1240 1301 veram,
1254 1230 1325 1308 quia

219 1327 284 1405 jam
301 1347 410 1386 novam
426 1327 656 1406 propositionem
672 1328 836 1400 conficeret,
852 1328 889 1387 (le
903 1347 963 1406 qna
979 1327 1084 1386 iterum
1100 1337 1174 1386 esset
1184 1326 1321 1406 judican-

222 1423 305 1495 dum,
321 1445 359 1484 an
375 1445 446 1484 vera
460 1425 636 1504 esset‚,quod
652 1437 752 1486 tannen
763 1425 947 1504 experientia
963 1424 1109 1503 reprobat.
1153 1423 1235 1502 Ergo
1245 1423 1324 1502 judi·

225 1522 303 1580 cium
320 1521 395 1581 nihil
418 1533 461 1582 eet
485 1522 578 1596 aliud,
601 1543 690 1602 quam
717 1543 879 1601 cognoscere
903 1521 953 1581 hec
977 1523 1019 1580 ito
1043 1541 1108 1593 esee,
1123 1519 1174 1599 qui
1200 1529 1284 1580 actus
1308 1539 1326 1578 a

223 1620 422 1696 competitione
437 1618 484 1679 vel
508 1619 647 1680 divisione
671 1619 792 1680 mentali
817 1641 874 1679 uon
898 1629 937 1680 est
962 1619 1148 1678 distinctus'’
1191 1617 1238 1678 De
1259 1616 1326 1678 Pot.

223 1713 343 1772 animae
358 1713 409 1773 lih.
425 1715 452 1775 3.
468 1737 491 1776 c.
508 1715 534 1776 6.

377 1811 424 1870 Ex
440 1812 536 1884 dictis,
552 1835 629 1892 quae
643 1823 808 1893 sequuntur
822 1815 989 1886 corollaria,
1004 1815 1139 1876 deduces.

265 1895 330 1967 13'3.
373 1908 574 1968 Corollarium
597 1909 820 1971 I.-Judicium
844 1931 902 1969 nem
926 1923 969 1970 est
992 1923 1076 1970 actus
1097 1910 1270 1984 voluntatis,
1292 1922 1325 1969 ut.

225 2003 392 2063 (lartesiani
408 2005 601 2078 contendunt,
615 2006 666 2065 sed
680 2019 764 2066 actus
778 2007 888 2066 elicitur
901 2005 940 2066 eh
955 2005 1116 2066 intellectu.

267 2099 359 2159 Retio
373 2111 432 2160 est:
455 2102 526 2178 quia
548 2101 703 2163 Judicium
720 2102 750 2161 in
765 2123 852 2162 suum
875 2103 1022 2182 objectum
1039 2102 1135 2162 tendit
1147 2102 1199 2161 enh
1213 2103 1325 2162 cutione

220 2197 281 2254 veri
288 2216 299 2264 ,·
320 2196 359 2255 ed
376 2195 458 2256 illam
475 2198 598 2275 proinde
611 2197 785 2259 facultatem
800 2199 937 2277 pertinet,
949 2200 1032 2278 cujus
1043 2199 1190 2279 objectum
1203 2209 1246 2258 est
1262 2197 1324 2258 Ens

219 2292 275 2353 suh
291 2294 406 2354 ratione
421 2297 503 2368 veri;
526 2296 695 2376 hujusmodi
712 2305 811 2357 autem
826 2307 870 2357 est
884 2295 1067 2357 Intellectus,
1111 2295 1193 2374 Ergo
1208 2295 1324 2357 Judiei·

221 2411 271 2449 nm
287 2401 330 2450 eet
344 2401 428 2452 actus
439 2391 745 2453 elicitusiutellectus.
782 2392 860 2452 Dico
871 2393 980 2452 elicitus
988 2415 998 2462 ;
1010 2413 1078 2452 nam
1095 2390 1170 2451 nulli
1183 2401 1227 2452 est
1240 2388 1324 2452 dubi·

220 2507 271 2545 um
288 2487 384 2547 multa
398 2508 459 2548 esse
475 2489 601 2568 judicia,
616 2509 693 2568 quae
707 2491 822 2550 tametsi
838 2489 878 2549 ab
893 2489 1045 2550 intellectu
1061 2489 1223 2560 eliciantur,
1237 2489 1324 2566 impe·

219 2569 327 2643 rentur
351 2595 451 2645 tamen
467 2606 485 2645 a
500 2585 663 2648 voluntate.
706 2585 753 2646 Ne
774 2596 874 2647 tamen
898 2586 1064 2646 Cartesiaui
1081 2586 1141 2644 vim
1165 2585 1278 2646 faciant
1293 2585 1321 2644 in
1366 2599 1370 2608 “

222 2699 294 2740 voce
318 2701 459 2752 meamne,
484 2681 611 2742 audiant
634 2683 663 2743 S.
690 2681 847 2755 Themam,
871 2683 922 2762 qui
947 2682 989 2742 sic
1014 2683 1073 2743 ait:
1096 2683 1256 2742 “aasentire
1281 2693 1323 2742 est

220 2779 305 2856 quasi
321 2779 360 2838 ad
384 2779 468 2839 alind
490 2780 617 2852 sentire;
638 2789 668 2840 et
681 2780 723 2840 sic
744 2781 887 2860 importat
910 2779 1071 2859 quamdam
1094 2778 1267 2840 distantiam
1283 2778 1322 2838 ad

222 2873 261 2945 id,
276 2875 324 2934 cui
339 2876 507 2936 assentitur.
549 2875 606 2936 Sed
623 2876 787 2936 consentire
801 2885 845 2936 est
857 2877 945 2936 cimel
963 2879 1068 2936 contire
1082 2887 1110 2936 et
1124 2877 1165 2936 sie
1181 2876 1323 2954 importat

222 2970 384 3050 qnamdam
400 2972 639 3052 conjunctionem
650 2973 689 3032 ad
705 2973 745 3046 id,
756 2974 804 3033 cui
819 2974 1010 3034 consentitur.
1040 2972 1082 3032 Et
1097 2973 1162 3032 ideo
1174 2971 1322 3045 voluntas,

219 3068 304 3146 cujus
317 3078 362 3128 est
384 3069 498 3129 tendere
513 3069 553 3128 od
576 3070 669 3148 ipeem
682 3091 751 3142 rem,
766 3069 861 3149 magis
884 3070 1002 3148 proprie
1025 3069 1137 3130 dicitur
1158 3073 1322 3130 cernentire.

219 3162 395 3226 Intellectus
416 3177 526 3238 autem,
539 3165 633 3246 'cujus
654 3165 787 3245 operatio
811 3185 869 3226 non
895 3177 939 3227 est
960 3166 1122 3226 secundum
1147 3175 1259 3228 motuni
1284 3166 1322 3226 ad

222 3281 293 3333 reru,
307 3261 356 3320 sed
374 3263 470 3340 potius
485 3287 500 3322 c
515 3283 665 3334 converso,
678 3261 772 3341 rrragis
786 3265 904 3342 proprie
919 3263 1029 3323 dicitur
1043 3265 1179 3324 eeeenlire
1194 3265 1235 3340 (l.
1253 3264 1278 3322 2.
1294 3287 1321 3342 q.

222 3359 267 3416 15.
283 3379 309 3417 a.
338 3361 363 3418 l.
389 3359 426 3418 ad
454 3360 495 3436 3.)
538 3359 654 3420 Omitto
679 3358 740 3418 alia
765 3359 963 3432 incommoda,
988 3367 1193 3438 quae,contra
1216 3377 1321 3420 sanam

218 3452 436 3532 philosophiam
452 3467 481 3515 et
501 3455 552 3516 SS.
568 3455 755 3535 Religionem
772 3456 966 3534 potissimum,
983 3477 1019 3515 ex
1035 3456 1159 3516 (lartoeii
1175 3458 1321 3518 sententia

216 3561 419 3630 sequerentur.

259 3650 326 3710 134.
369 3649 568 3712 Corollarium
590 3649 712 3712 II.-In
737 3650 860 3712 Judicie
876 3653 964 3730 plene
978 3673 1013 3711 ac
1037 3654 1154 3730 proprie
1177 3655 1322 3731 reperitur

217 3748 356 3826 cognitio.
398 3748 478 3808 Nam
506 3767 525 3808 r.
551 3748 612 3809 Illa
636 3749 775 3827 segnitie,
798 3751 828 3808 in
854 3770 914 3829 qua
938 3751 1058 3828 proprie
1084 3761 1322 3828 repraesentatur
1388 3801 1390 3808 ,

220 3843 368 3923 objectum
383 3846 471 3905 sicuti
494 3855 545 3918 est,
561 3845 650 3924 plena
664 3865 699 3904 ae
722 3845 853 3924 perfecta
875 3845 1004 3924 cognitio
1026 3845 1086 3904 dici
1109 3845 1213 3907 dehet:
1235 3847 1319 3926 atqui

219 3941 335 4000 nonnisi
362 3941 391 4000 in
420 3941 535 4020 judicie
561 3951 799 4020 repraesentatur
827 3945 948 4021 proprie
970 3942 1117 4022 objectum
1150 3944 1236 4003 sicuti
1261 3953 1320 4004 est:

219 4057 287 4096 nam
303 4057 356 4116 per
371 4039 634 4117 apprehensionem
650 4039 859 4098 tantummodo
873 4040 987 4100 sistitur
1001 4039 1030 4098 in
1047 4049 1145 4100 mente
1159 4039 1318 4119 objectum,

219 4135 290 4212 quin
306 4146 451 4214 appareat
465 4135 537 4214 quid
552 4135 588 4195 de
603 4135 666 4214 ipso
687 4135 874 4195 sentiendum
889 4135 928 4196 sit
944 4138 986 4214 (u.
1004 4136 1083 4208 10.):
1106 4157 1175 4215 ergo
1190 4137 1320 4216 cognitio

213 4231 392 4311 judicativa,
406 4253 456 4292 seu
475 4233 636 4312 judicium,
649 4231 738 4312 plena
761 4253 796 4292 ac
821 4233 952 4312 perfecta
975 4234 1104 4313 cognitio
1126 4233 1254 4294 dicenda
1268 4247 1320 4298 est.

219 4347 252 4390 n.
268 4328 316 4389 Ibi
337 4329 427 4409 plena
452 4351 487 4391 ac
512 4331 643 4410 perfecta
667 4331 797 4410 cognitio
822 4339 874 4404 cst,
899 4331 951 4391 uhi
977 4331 1095 4411 proprie
1120 4329 1241 4392 Veritas
1265 4343 1319 4394 aut
