3118 4956
454 419 501 479 De
528 421 626 480 Tertia
646 420 755 480 Meritis
775 420 955 499 Operatione.
1193 424 1249 486 267

144 613 188 673 sio
202 613 371 674 continetur
384 615 522 692 implicite
536 615 566 673 in
583 615 767 694 praemissis;
790 616 846 675 hae
860 627 960 677 autern
975 618 1127 680 evidentes
1140 639 1249 698 suppo

148 723 278 781 nuntnr;
299 731 369 790 ergo
383 721 413 771 et
427 712 576 772 conclusio
590 713 647 772 erit
661 733 695 772 eo
710 713 772 792 ipso
784 713 913 774 evidens.
957 715 1039 776 Hinc
1048 717 1118 795 jure
1133 719 1249 778 merito-

144 828 204 884 que
226 807 364 868 observat
378 809 407 870 S.
431 807 579 870 Thomas:
603 809 777 871 “Certitudo
799 812 939 872 scientiae
955 817 1105 894 (quaeest
1127 817 1246 877 effectus

145 903 420 980 demonstrationis)
437 915 500 964 tota
523 907 619 966 oritur
640 927 677 966 ex
693 907 871 968 certitudine
896 909 1119 989 principiorum.
1161 912 1246 973 Tunc

144 1001 223 1058 enim
240 1001 441 1061 conclusiones
462 1023 515 1080 per
528 1003 735 1064 certitudinem
757 1005 900 1078 sciuntur,
916 1008 1036 1084 quando
1056 1009 1247 1070 resolvuntur

145 1097 175 1154 in
192 1097 356 1175 principia’'
372 1119 419 1176 qq.
436 1097 506 1158 DD.
524 1100 569 1158 ll.
586 1098 682 1159 Verit.
700 1101 724 1159 1.
747 1099 926 1180 “Proprium
939 1105 1068 1181 (autem)
1080 1115 1124 1166 est
1138 1105 1244 1166 horum

149 1195 372 1273 principiorum,
387 1195 466 1274 quod
487 1216 546 1255 non
562 1197 657 1258 solum
682 1218 795 1258 necesse
809 1210 852 1258 est
866 1220 901 1259 ea
916 1221 968 1278 per
981 1221 1012 1261 se
1025 1223 1086 1263 esse
1100 1224 1180 1274 vera,
1194 1205 1244 1264 sed

147 1293 238 1350 etiam
254 1311 368 1352 necesso
379 1304 422 1352 eet
435 1293 528 1352 videri
540 1293 618 1372 quod
633 1294 694 1354 sint
708 1314 890 1372 persevera.
934 1295 1045 1358 Nullus
1056 1299 1133 1358 enim
1151 1309 1246 1378 potest

149 1413 240 1469 perse
254 1392 371 1470 opinari
385 1391 568 1452 contrarium
583 1393 714 1452 eornm.”
756 1393 848 1454 Anal.
864 1404 936 1472 post.
952 1394 971 1454 l.
989 1397 1013 1455 1.
1030 1395 1082 1456 lec.
1099 1397 1144 1457 19.

188 1489 254 1548 305.
298 1488 348 1547 Ex
362 1488 450 1548 dictis
464 1489 654 1567 consequitur
674 1489 804 1548 secunda
818 1491 986 1550 assertionis
1001 1492 1244 1570 pam—Conclu-

144 1587 188 1646 sio
211 1595 402 1665 comparatur
425 1585 463 1645 ad
488 1587 673 1664 praemissas,
689 1595 841 1664 tamquam
865 1585 977 1664 effectus
991 1587 1030 1646 od
1051 1609 1186 1648 cansam:
1207 1611 1244 1650 ex

145 1681 205 1740 itta
235 1703 362 1760 namque
390 1681 549 1742 deducitur
576 1701 611 1741 ac
637 1682 730 1742 veluti
759 1683 914 1743 enascitur.
958 1684 1108 1759 Quocirca
1136 1686 1244 1746 debent

139 1783 228 1856 prius
240 1781 369 1857 capnosci
383 1799 401 1838 a
417 1789 514 1838 mente
530 1779 716 1856 praemissae,
727 1797 889 1857 earumque
903 1783 1050 1840 necesitas
1060 1781 1148 1842 debet
1158 1787 1245 1860 prins

145 1884 234 1935 inmite
255 1875 402 1954 affniqere.
445 1874 535 1936 Unde
548 1875 590 1934 sic
611 1875 853 1953 arguo—Causa
867 1887 911 1935 est
929 1879 1013 1954 prior
1025 1898 1079 1937 suo
1092 1879 1196 1939 effectu
1211 1882 1244 1938 in

143 1993 174 2030 eo
189 1971 300 2043 ordine,
316 1971 345 2030 in
362 1992 420 2049 quo
435 1979 474 2030 est
487 1993 594 2031 corma:
615 1973 699 2050 atqui
726 1973 903 2052 praemissae
924 1987 994 2034 sunt
1007 1995 1095 2034 corma
1117 1977 1244 2038 Conclu-

144 2068 233 2127 sionis
248 2069 279 2126 ia
305 2067 408 2126 ordine
435 2068 683 2146 capnoscihilitctis
706 2078 736 2128 et
757 2070 934 2130 evidentiae:
955 2091 1027 2149 ergo
1054 2072 1164 2133 debent
1183 2095 1244 2134 esse

138 2168 253 2241 priores
275 2165 463 2225 conclusione
486 2165 515 2224 in
537 2165 640 2224 ordine
661 2166 909 2244 capnoscibiiitatie
931 2179 960 2228 et
981 2169 1156 2230 evidentiae:
1178 2172 1245 2232 aliis

144 2261 250 2332 verbis,
264 2261 374 2321 debent
387 2281 447 2320 ue
460 2264 571 2330 priores
586 2263 615 2320 in
630 2263 734 2322 ordine
748 2263 837 2340 lapan
851 2273 881 2322 et
894 2265 1023 2324 notiores.

186 2359 234 2418 ux
258 2360 344 2419 dictis
366 2359 456 2419 etiam
483 2360 639 2419 innotescit
662 2359 874 2432 definitionem,
899 2381 988 2438 qnam
1015 2361 1159 2435 dedimus,
1184 2385 1242 2424 non

144 2459 271 2516 multum
296 2450 464 2535 discrepare
484 2456 524 2516 ab
548 2477 591 2527 ea,
617 2477 707 2536 quam
732 2457 858 2517 tradidit
883 2458 1058 2518 Aristoteles
1082 2461 1113 2519 in
1138 2459 1189 2520 lib.
1218 2464 1242 2521 l.

145 2554 255 2613 Poster.
298 2553 611 2614 “Demonstrationem
633 2575 681 2614 sc:
702 2574 764 2614 esse
787 2554 1011 2632 Syllogismum,
1033 2558 1084 2634 qui
1110 2559 1243 2635 procedit

118 2647 122 2656 '
140 2671 177 2708 ex
193 2652 274 2718 omis,
289 2651 463 2722 secmariis,
479 2671 511 2708 ea
530 2652 635 2727 primis
649 2661 679 2709 et
699 2650 878 2719 immediatis,
892 2671 925 2710 ac
941 2653 1090 2728 prioribus
1103 2675 1138 2716 ac
1153 2661 1242 2716 notio-

142 2747 223 2805 rilncs
236 2760 266 2805 et
288 2746 497 2806 continentibus
518 2766 639 2806 causam
662 2743 972 2808 conclusionis.”—-Ol'.
994 2749 1024 2808 S.
1047 2747 1102 2810 Th.
1118 2750 1175 2830 Op.
1191 2755 1239 2812 44.

143 2841 190 2900 Dc
211 2839 324 2920 Syllog.
351 2840 490 2900 Domana
512 2862 530 2900 a
552 2862 575 2901 c.
602 2843 626 2901 l.
649 2841 687 2901 ad
711 2843 737 2900 8.
781 2835 950 2902 Fatendum
975 2855 1074 2902 tamen
1097 2856 1141 2905 est
1163 2847 1240 2906 hana

141 2936 342 2996 definitionem
359 2936 614 2998 Demonstraticni
626 2945 745 3017 propter
758 2939 830 3018 qnid
839 2943 961 3017 proprie
975 2945 1181 3004 convenire-

184 3133 267 3192 Dico
289 3132 501 3211 Ile—Spectato
525 3133 617 3206 raeda,
642 3154 697 3214 quc
722 3133 935 3194 Danaam-atto
957 3135 1095 3211 procedit,
1120 3140 1173 3198 erit
1197 3141 1241 3198 oei

140 3229 256 3301 directo,
271 3230 315 3288 nei
334 3229 560 3289 indirecta-Si
580 3237 674 3290 oedem
688 3229 762 3288 ratio
784 3229 924 3288 habeatur
938 3229 1027 3290 aredii
1046 3235 1240 3313 terminique

141 3327 352 3384 Demoristrotio
364 3327 474 3385 directa
489 3329 589 3397 utitur,
604 3329 657 3385 erit
671 3327 715 3384 uei
727 3348 745 3384 o
764 3327 957 3401 primiceria
972 3330 1133 3403 perierim-i,
1152 3340 1240 3407 preat

140 3426 251 3484 medias
274 3427 413 3484 terminus
436 3432 474 3484 est
498 3428 570 3484 ratic
595 3425 754 3501 orsaaqac
773 3423 1004 3501 praedicationi
1026 3447 1041 3483 e
1061 3449 1238 3488 nonomen.—

147 3523 211 3582 ltem
229 3522 440 3582 Demonstratio
454 3523 564 3581 directa
578 3529 617 3581 est
627 3529 745 3599 propter
760 3521 838 3600 qnid,
856 3522 898 3580 uei
907 3526 1023 3598 qnia.-

301 3717 435 3776 Assertio
449 3717 581 3776 continet
595 3727 654 3775 tres
669 3727 815 3794 partes-

181 3813 246 3873 306.
292 3813 472 3873 Declaratur
501 3815 598 3890 prima
633 3811 974 3891 pars-Demonstratio
1003 3813 1111 3874 directi
1139 3816 1235 3876 locum

140 3907 238 3980 habet,
253 3909 496 3986 quotiescumque
516 3907 737 3967 demonstratur
760 3908 964 3984 praedicatum
988 3911 1147 3969 convenire
1172 3933 1238 3972 con·

139 4003 279 4064 clusionis
292 4003 425 4081 subjecto
443 4024 500 4081 per
513 4004 641 4082 olquam
663 4005 803 4062 rationem
819 4005 879 4080 (εει
903 4003 1032 4062 medium
1060 4007 1234 4084 terminum)

138 4102 325 4179 desumptam
348 4121 387 4160 ex
412 4099 647 4160 consideratione
673 4099 790 4178 sabjecti
815 4099 862 4158 vel
890 4099 1053 4176 praedicati
1076 4101 1119 4178 (n.
1145 4102 1235 4180 281.).

136 4197 185 4256 Sic
202 4219 228 4256 v.
244 4219 271 4274 g.
287 4217 324 4256 cx
347 4196 577 4256 incunctabilitate
601 4194 688 4254 Entis
712 4193 887 4267 Necessaria
902 4194 994 4273 ipsius
1012 4197 1235 4260 aeternitatem:

133 4305 165 4354 et
186 4315 223 4354 es
248 4293 454 4374 spiritualitate
486 4291 607 4354 animae
640 4291 727 4370 hujus
766 4291 1021 4352 immortalitatem
1058 4292 1234 4356 demonstro.
