3118 4956
317 364 374 423 190
615 337 617 342 ’
812 364 931 442 noma.

315 566 357 615 cst
371 566 509 632 causato;
525 558 737 635 prepositiones
758 567 859 618 autem
873 565 941 618 acret
965 578 1052 617 coemo
1065 557 1272 626 conclusionem·
1293 567 1323 616 et
1345 557 1417 635 quia

291 647 296 656 '
314 652 403 711 etiam
418 651 472 712 iste
487 651 545 713 fuit
570 652 651 731 prior
664 653 813 714 discursus
836 653 960 714 rationis
974 653 1011 713 de
1027 653 1124 713 medio
1137 674 1185 713 sc:
1206 654 1244 713 ad
1272 653 1416 712 minorem

315 750 542 811 extremitatem.
585 749 655 812 Non
680 761 781 812 tamen
796 759 840 812 est
864 751 947 830 prius
961 759 1033 812 nota
1054 757 1185 828 tempore.
1228 751 1311 826 Quia
1335 749 1414 808 enim

314 848 443 908 sciebam
457 849 647 908 mebeteattcm
667 848 760 909 inesse
774 851 896 928 corpori,
910 849 941 908 in
956 869 991 908 eo
1006 849 1128 908 instanti
1150 848 1181 906 iu
1196 868 1255 926 quo
1268 847 1343 906 scivi
1357 868 1418 906 eor·

312 969 369 1025 pra
383 947 475 1006 inesse
489 947 621 1018 animoli,
635 945 709 1006 scivi
723 931 914 1006 citocotiam
928 947 1021 1006 inesse
1035 944 1185 1006 cniumli.’'

355 1044 417 1104 “Et
430 1044 472 1104 sic
493 1053 576 1122 patet
596 1043 634 1103 de
648 1042 784 1122 partibus
797 1043 963 1123 syllogismi
978 1055 1007 1104 et
1021 1043 1191 1104 nominibus
1212 1041 1343 1102 earum.”
1386 1039 1416 1100 S.

316 1141 446 1201 Thomas
460 1141 517 1220 Op.
533 1143 581 1202 44.
596 1141 645 1202 De
658 1141 840 1222 syllogismo
854 1163 879 1202 c.
894 1143 922 1202 4.

706 1429 955 1493 ARTICULUS
975 1429 1035 1490 111.

520 1643 564 1684 ns
584 1642 787 1684 ssnnomsmo
807 1641 952 1684 ememor
974 1642 1014 1683 sr
1035 1641 1223 1684 oomrosrso.

359 1817 426 1878 236.
469 1817 643 1897 Propositio,
658 1837 735 1897 quae
749 1817 788 1877 ad
802 1817 917 1896 aliquid
933 1816 1122 1897 probandum
1137 1818 1308 1888 assumitur,
1325 1827 1419 1896 potest

318 1935 378 1974 eme
394 1914 440 1974 vel
455 1915 582 1993 simplae,
597 1915 645 1976 vel
660 1918 813 1994 compotita
828 1916 915 1988 (haec
936 1926 1037 1976 autem
1053 1916 1100 1976 vel
1121 1918 1293 1994 spectativa,
1309 1915 1354 1976 vel
1369 1915 1422 1974 ad·

319 2016 467 2086 ceramico,
484 2013 529 2073 vel
545 2015 677 2087 consoles,
693 2015 740 2074 vel
755 2015 885 2086 relativo,
897 2013 947 2076 val
963 2013 1142 2091 espen-ibelim
1158 2011 1205 2073 vel
1220 2011 1421 2092 hypotheticae).

321 2109 524 2186 Quamobrem
548 2109 745 2189 Syllogismus
767 2131 827 2172 esse
849 2120 945 2190 potest
968 2110 1015 2172 vel
1040 2111 1168 2189 eittmbex,
1182 2109 1230 2170 vel
1245 2112 1420 2188 corapceitam

323 2207 368 2266 Dc
381 2205 553 2286 syllogismo
576 2206 704 2286 simplici
726 2206 801 2267 nihil
826 2206 954 2287 speciale
973 2207 1133 2268 dicendum
1156 2207 1294 2268 occurrit
1338 2205 1421 2266 Inter

320 2289 506 2383 syllogismos
528 2325 597 2364 vero
618 2304 782 2382 emrtpesitos
802 2303 959 2383 specialem
982 2304 1247 2366 considerationem
1272 2315 1422 2364 merentur

323 2403 362 2473 111,
376 2402 428 2480 qui
442 2423 480 2462 ex
495 2401 695 2482 propositione
708 2401 884 2480 hypothetice
897 2412 1046 2481 arguunt:
1061 2401 1157 2480 deque
1171 2401 1217 2462 bis
1230 2421 1331 2480 agam,
1346 2411 1421 2478 post·

322 2521 411 2578 quatu
428 2519 531 2571 unum,
546 2497 594 2558 vel
617 2497 745 2558 alterum
760 2499 859 2577 quoad
882 2508 1012 2560 caeteros
1026 2499 1203 2578 compositos
1224 2495 1421 2576 syllogismos.

322 2595 538 2656 adriotaverim.
581 2593 689 2674 Itaque

363 2691 498 2750 Primum
526 2690 752 2767 est—Quando
776 2692 807 2751 in
832 2690 1005 2770 syllogismo
1029 2691 1190 2771 propositio
1215 2701 1259 2751 eet
1282 2690 1422 2750 exctraice

324 2787 415 2860 (idem
432 2785 518 2846 diesi
533 2787 675 2865 exception
688 2786 740 2864 sit)
756 2787 860 2866 regula
874 2786 1072 2866 generalised
1087 2785 1295 2848 estimandum
1311 2785 1347 2846 de
1360 2806 1422 2846 cen·

321 2885 457 2944 clusionis
470 2883 641 2944 rectitudine
654 2884 728 2944 haec
741 2885 795 2944 sit:
817 2884 1003 2945 “resolvatur
1016 2883 1179 2956 exclusiva,
1190 2895 1220 2944 et
1233 2884 1292 2944 leco
1307 2883 1422 2961 majam

326 2993 453 3059 ponatur
473 2979 527 3041 illa
541 3001 692 3059 expertem,
707 2980 737 3040 in
761 3001 821 3059 qua
844 2990 909 3041 tota
923 2981 969 3041 vis
991 2981 1160 3060 argumenti
1182 2980 1326 3050 struitur;
1347 2999 1422 3057 quae

322 3079 443 3157 quidem
458 3099 609 3156 ceperam
623 3077 744 3157 quando
757 3076 912 3139 exclusiva
933 3079 1090 3158 copulative
1109 3077 1280 3156 exponitur,
1294 3087 1339 3137 est
1351 3095 1424 3137 sem·

326 3199 378 3257 per
392 3180 541 3256 negative:
563 3175 619 3238 hoc
642 3189 770 3256 peracto,
785 3177 945 3238 habebitur
966 3177 1156 3258 syllogismus
1175 3176 1333 3254 simplex.'’
1374 3175 1422 3236 Sic

328 3297 353 3335 v.
367 3297 395 3354 g.
412 3275 465 3335 iste
479 3274 693 3352 Syllogismus:

606 3389 693 3450 Solus
708 3389 789 3450 Deus
800 3401 844 3450 est
857 3389 1063 3462 immutabilis,

608 3469 703 3548 Atqui
718 3471 847 3531 mundus
861 3490 920 3532 non
936 3481 980 3530 est
994 3469 1093 3530 Deus:

607 3549 689 3629 Ergo
705 3550 833 3611 muudus
847 3571 906 3611 non
920 3562 965 3611 est
978 3549 1175 3610 immutabilis

327 3662 497 3742 aequivalet
511 3661 581 3722 huic
595 3661 724 3740 simplici
737 3660 928 3741 syllogismo:

613 3772 698 3849 Quod
711 3779 750 3833 eet
764 3795 783 3832 c
797 3773 860 3834 Deo
875 3773 1019 3834 dioecesem
1033 3794 1091 3834 non
1106 3783 1149 3834 est
1163 3773 1361 3844 immutabile,

576 3777 742 4010 {Mundus
756 3864 799 3914 cst
813 3853 927 3947 cliqqid
941 3877 959 3914 o
974 3853 1212 3947 Deodicermm:

609 3931 742 3993 Mundus
757 3954 814 3993 non
830 3943 874 3994 est
887 3934 1092 3995 immutabilis.

368 4047 499 4125 Quando
512 4056 613 4106 autem
628 4045 781 4108 exclusiva
795 4057 838 4107 est
848 4047 1014 4126 praedicati
1028 4047 1140 4119 ecclesi,
1155 4047 1333 4127 quandoque
1348 4047 1423 4108 vide·

330 4163 378 4208 tur
391 4145 580 4225 syllogismus
594 4155 724 4222 quatuor
737 4146 872 4206 terminis
886 4156 1021 4208 constare
1035 4165 1063 4206 v.
1078 4165 1106 4224 g.
1121 4165 1188 4205 cum
1205 4143 1292 4205 dieo:
