3138 4956
344 451 401 511 284
667 517 675 534 ·
840 449 957 528 Lepino.

381 645 447 705 333.
490 644 630 725 Definitio
652 623 773 706 demum
796 665 814 704 a
834 645 1082 722 suppositionibus
1103 644 1210 704 differt.
1253 641 1447 704 Nam-I.—

338 739 447 818 anis
460 743 568 818 petitio,
583 742 630 801 vel
645 743 803 820 snppositio
818 741 892 800 dicit
906 739 1020 818 aliquid
1042 761 1099 800 essa
1114 740 1159 800 vel
1175 761 1236 799 non
1250 760 1316 810 esto,
1330 751 1362 798 et
1375 759 1446 797 con·
1541 803 1542 820 χ

340 851 496 916 sequenter
522 841 679 916 propositio
707 849 766 898 est:
803 839 920 896 termini
942 849 1051 910 autem,
1079 859 1129 896 seu
1158 835 1356 904 definitiones,
1385 857 1444 894 non
1541 849 1542 872 ³

230 994 232 998 ,
341 935 446 996 dicunt
458 957 519 994 esse
534 935 579 995 vel
603 956 661 995 non
683 949 753 1007 esse,
767 945 797 995 et
817 943 1029 1010 consequenter
1048 953 1102 1011 por
1115 955 1143 994 se
1157 933 1278 1012 sumpti,
1294 953 1353 991 non
1375 947 1442 991 sunt

340 1033 553 1110 propositiones
567 1039 640 1105 octa,
654 1032 715 1106 sed,
731 1033 766 1092 ut'
777 1033 821 1092 ait
834 1033 863 1090 S.
878 1030 1018 1104 Thomas,
1032 1034 1135 1090 virtuto
1150 1042 1288 1101 tantnm;
1303 1031 1445 1106 ossompti

339 1137 439 1187 autem
463 1129 492 1186 in
516 1129 716 1207 propositione
738 1129 871 1188 evadunt
894 1133 959 1186 actu
982 1129 1207 1208 suppositiones,
1230 1139 1265 1187 ut
1279 1149 1306 1187 v.
1321 1149 1351 1206 g.
1374 1148 1441 1186 eum

343 1225 427 1284 dico:
450 1225 558 1284 “homo
572 1236 615 1284 est
628 1227 742 1284 orrimot
760 1224 1167 1287 ratio-nole.”-ll.—Omnis
1187 1225 1296 1302 petitio,
1312 1222 1360 1282 vel
1374 1242 1440 1300 sap

340 1322 441 1380 positio
454 1323 488 1380 in
502 1328 555 1380 toto
569 1321 681 1393 est,ch
696 1323 730 1380 in
742 1330 833 1399 parto,
844 1323 863 1384 i.
879 1344 903 1384 e.
918 1324 1110 1404 particularis
1120 1333 1173 1395 est,
1186 1322 1232 1382 vol
1246 1321 1442 1380 universalis:

340 1417 529 1497 Definitionos
550 1429 660 1492 nutem,
678 1440 746 1479 cum
765 1421 825 1480 sint
850 1423 969 1481 termini
992 1419 1150 1500 complexi,
1171 1429 1310 1479 neutrum
1334 1417 1442 1477 horum
1541 1435 1542 1484 3

339 1513 543 1594 habent,quia
557 1516 641 1576 ineis
656 1517 731 1575 nihil
747 1517 937 1595 ponitur,ch
953 1518 1153 1598 praedicatur,
1168 1537 1263 1595 neque
1274 1515 1444 1574 unitaraali
1541 1581 1542 1590 χ

338 1621 388 1687 tor,
404 1633 499 1692 neque
512 1614 738 1690 pertinacioriter.
781 1615 923 1676 Advertit
938 1627 1036 1676 tannen
1053 1614 1183 1675 Toletus,
1226 1611 1443 1672 “Definitiones
1541 1655 1542 1676 t

339 1731 398 1768 non
420 1709 588 1788 significare
612 1729 673 1769 esse
695 1710 741 1770 vel
768 1729 829 1769 non
850 1731 911 1772 esse
925 1712 944 1771 i.
959 1733 983 1772 e.
1007 1712 1132 1783 asistere,
1147 1709 1220 1788 quia
1243 1728 1347 1768 revera
1370 1709 1444 1768 istae
1541 1703 1542 1710 '

339 1805 528 1885 definitiones,
552 1825 629 1884 quae
650 1808 804 1884 positiones
826 1807 976 1880 dicuntur,
991 1807 1229 1870 suntnominis:
1254 1805 1444 1864 definitiones
1541 1841 1542 1856 r

338 1915 438 1963 autem
454 1903 618 1976 nominum,
632 1904 747 1963 etiamsi
764 1925 831 1963 eum
846 1905 969 1965 delinito
990 1905 1220 1984 propositionem
1243 1902 1366 1973 faciant,
1381 1921 1442 1960 non

338 2005 455 2078 ponunt
469 2010 570 2060 tamen
586 2021 646 2059 rem
662 2021 731 2073 esse,
746 2001 794 2062 vel
818 2023 876 2062 uon
892 2023 961 2076 asse,
975 2003 1025 2062 sed
1048 2003 1287 2081 sipns'fiootionern
1311 2009 1443 2060 tantum·
1541 2001 1542 2068 ζ

339 2098 426 2158 modo
442 2097 641 2157 manifestant.
685 2096 753 2157 Hoc
768 2098 902 2178 intellige
923 2100 1108 2178 frequentius
1121 2100 1165 2158 ita
1179 2117 1250 2168 esse,
1264 2117 1334 2156 nam
1349 2097 1439 2156 etiam
1541 2123 1542 2126 ¹

338 2193 523 2254 definitiones
537 2193 578 2253 rei
593 2195 746 2270 positiones
759 2193 919 2266 dicuntur;
940 2194 1093 2271 quaelibet
1106 2195 1183 2254 enirn
1201 2193 1324 2254 scientia
1337 2191 1441 2252 defini·
1541 2187 1542 2240 ἶ

339 2291 448 2348 tionem
464 2291 510 2348 sui
524 2289 648 2368 subjecti
664 2309 722 2349 non
739 2289 931 2365 demonstrat,
945 2293 995 2354 sed
1010 2291 1180 2371 supponit.”
1204 2291 1293 2369 (Cap.
1306 2289 1440 2364 2um.)-

338 2385 383 2447 Cf.
398 2389 488 2448 etiam
512 2387 556 2464 (in
578 2387 652 2465 Cap.
667 2387 694 2447 8.
716 2407 766 2448 nn.
782 2389 809 2448 t.
831 2389 858 2448 8.
881 2388 1020 2467 9.).-cf.
1042 2389 1071 2449 S.
1093 2387 1148 2448 Th.
1173 2388 1207 2464 (l.
1222 2407 1247 2446 e.
1269 2399 1298 2446 et
1312 2385 1379 2464 Op.
1392 2387 1441 2444 44.
1541 2435 1542 2440 ,

339 2505 403 2563 cap.
420 2483 504 2562 6.)-

309 2633 312 2638 .
379 2581 446 2641 334.
488 2580 557 2640 Non
583 2593 626 2664 eat
648 2601 730 2659 opus,
746 2591 781 2642 ut
803 2602 975 2642 moneamus
998 2583 1156 2662 principia,
1170 2581 1279 2661 quibus
1300 2579 1441 2640 scientiae

338 2679 510 2739 innituntur
522 2677 585 2738 sive
606 2679 772 2751 rationales,
786 2679 849 2738 sire
871 2681 1113 2757 arperimertoles,
1127 2679 1189 2739 alia
1203 2678 1263 2738 dici
1286 2677 1441 2755 analytica.

330 2798 388 2849 scu
411 2775 578 2849 rationalia,
594 2785 685 2854 atque
709 2774 783 2834 haec
798 2775 846 2836 vel
871 2776 1047 2849 immediata,
1062 2777 1111 2837 vel
1131 2776 1258 2835 mediato
1280 2795 1359 2844 esse;
1379 2773 1440 2834 alia

339 2873 397 2934 diei
427 2872 589 2951 syntietioa,
603 2892 652 2930 scu
677 2873 941 2950 experimentalia:
965 2875 1007 2939 (n.
1024 2872 1106 2950 138.)
1122 2872 1196 2932 haec
1215 2881 1316 2932 autem
1332 2869 1440 2930 ultima

338 2991 399 3031 esse
413 2990 527 3047 semper
547 2969 682 3028 taediata.
726 2969 806 3028 Nam
824 2969 940 3050 judicia
954 2970 1123 3048 synthetica
1143 2968 1321 3040 immediato,
1337 2979 1443 3047 utpote
1541 3023 1542 3026 ,

339 3066 541 3144 experientiae
569 3066 684 3138 innixa,
712 3085 828 3145 semper
854 3075 925 3126 sunt
951 3067 1140 3145 sinpaimio:
1164 3065 1310 3144 siquidem
1325 3065 1443 3143 experi-

342 3173 476 3222 mentum
491 3161 526 3221 fit
550 3181 603 3240 per
624 3182 734 3234 sensus,
749 3161 779 3220 hi
795 3173 893 3222 autem
910 3163 1027 3222 nonnisi
1042 3163 1122 3222 eirca
1136 3160 1303 3240 singularia
1322 3181 1443 3220 versan-

341 3271 397 3319 tur.
441 3256 532 3334 Quod
554 3258 579 3317 si
603 3259 797 3335 particularia
822 3269 900 3330 sunt,
924 3258 1179 3318 universalitatem
1204 3257 1329 3316 induere
1350 3267 1444 3335 atque

341 3357 383 3416 ita
398 3355 545 3434 principia
565 3355 759 3415 scientiarum
774 3355 900 3416 evadere
915 3367 1045 3435 possunt,
1061 3375 1113 3434 ope
1126 3355 1305 3415 inductionis
1318 3355 1444 3414 innixae
1541 3375 1542 3426 ζ

260 3495 263 3503 ,
338 3453 486 3529 principio
500 3451 641 3529 analytim
656 3451 849 3512 Causalitatis
871 3456 914 3530 (n.
930 3451 1021 3527 232).
1064 3451 1270 3528 Quamobrem
1285 3449 1442 3528 Principia
1541 3441 1542 3502 i

339 3550 494 3626 onalptiso,
508 3569 577 3608 cum
597 3548 716 3608 insitam
739 3549 994 3610 universalitatem
1017 3549 1275 3610 nenecessitatem
1299 3547 1443 3626 praesefe
1541 3537 1542 3604 l

339 3654 417 3716 rant,
438 3655 543 3722 suapte
563 3655 673 3704 natura
694 3644 886 3705 scientiarum
911 3647 1157 3725 principissam,
1178 3643 1343 3704 dummodo
1364 3644 1444 3704 aliae
1541 3665 1542 3718 g

340 3741 523 3800 conditiones
544 3759 635 3818 supra
660 3740 825 3818 positaein
852 3742 922 3820 ipsis
946 3742 1153 3802 verificantur:
1174 3741 1332 3820 synttaioa
1360 3760 1442 3802 rem.
1541 3777 1542 3800 t

339 3847 443 3916 utpote
462 3855 516 3914 per
527 3857 558 3896 se
578 3857 635 3896 non
658 3838 870 3910 necessitatem,
884 3839 935 3898 sed
950 3838 1186 3918 contingentiam
1201 3837 1442 3916 praeseferentia.
1541 3873 1542 3914 3

339 3935 422 4014 prius
436 3953 525 4013 quam
547 3933 697 4011 principio
711 3933 895 3993 scientioram
909 3945 1090 4008 statuantur,
1105 3934 1215 3994 debent
1235 3932 1442 3993 universalita·
1541 3917 1542 3984 i

256 4063 258 4068 ·
338 4045 398 4092 tem
427 4032 505 4091 hane
527 4031 666 4102 nancisci,
687 4030 718 4090 vi
739 4031 877 4109 principii
900 4032 1053 4110 analytici,
1074 4031 1154 4111 quod
1175 4031 1335 4092 absolutum
1357 4050 1442 4091 necas

338 4129 456 4190 sitalem
479 4126 641 4196 includens,
658 4127 780 4206 judiciis
793 4127 973 4206 quibusdam
995 4127 1289 4208 experimentalibus‚
1303 4127 1442 4188 observa·

339 4227 420 4288 tione
433 4225 576 4296 dilatatis,
587 4224 830 4284 universalitatem
840 4227 1056 4286 communicet:
1072 4225 1196 4304 proinde
1210 4225 1439 4285 ratiocinatione

340 4333 428 4403 egent
440 4335 471 4384 et
483 4331 695 4400 consequenter
708 4341 824 4398 semper
837 4330 908 4382 snut
920 4321 1097 4383 mediato.-

380 4421 483 4498 Atqno
496 4419 540 4479 ita
554 4418 707 4479 declarata
720 4427 750 4478 et
763 4418 892 4497 probata
906 4430 1008 4482 manet
1022 4421 1152 4482 assertio.
