3118 4956
789 453 908 530 mque.
1014 542 1018 550 Ι

291 640 419 720 figuram
429 646 639 724 spectantium,
650 656 761 708 iactam
773 646 970 707 concludendi
982 646 1129 706 rationein
1136 665 1194 722 per
1203 643 1394 703 redactionem

292 735 412 798 illorum
425 740 463 799 ad
477 741 578 802 modos
593 743 736 822 perfectos
751 745 865 822 primae
878 743 993 823 figurae
1007 742 1189 822 probaverit,
1200 751 1231 802 et
1245 739 1392 820 triplicem

292 833 330 893 ad
345 836 377 895 id
391 838 603 914 praestandum
618 839 790 902 methodum
807 840 1001 920 proposuerit,
1013 837 1197 918 probationis
1210 857 1258 898 so:
1280 840 1394 896 osterwi-

292 952 352 1004 ooe,
366 933 524 994 indirectas
536 955 587 995 seu
602 936 643 996 cd
662 938 844 1016 impossibile,
858 950 889 998 et
902 938 1080 1016 expositione,
1090 937 1205 1016 juverit
1218 935 1256 996 de
1270 935 1315 994 bis
1330 955 1400 1014 pio,

294 1027 449 1090 batiouuin
469 1033 627 1110 generibus
641 1034 756 1114 aliquid
777 1035 883 1107 dicere,
898 1055 933 1095 eo
948 1034 994 1096 vel
1010 1035 1149 1107 maxime,
1164 1033 1244 1114 quod
1260 1031 1395 1112 pulcber-

293 1127 370 1186 rima
385 1129 538 1190 continent
552 1131 737 1192 theoremata
747 1145 777 1192 et
790 1151 902 1204 eorum,
914 1151 991 1210 qnae
1005 1151 1096 1210 supra
1106 1131 1144 1190 de
1157 1131 1391 1210 propositionum

293 1223 483 1285 conversione
497 1226 661 1301 docuimus,
675 1229 857 1288 fructuosam
874 1228 1104 1307 applicationem
1120 1228 1272 1307 praebent

636 1325 682 1384 De
697 1325 876 1386 Reditetioae
896 1325 1053 1386 Osteneioo.

335 1419 401 1480 253.
445 1421 530 1483 Medi
550 1422 692 1483 madae
705 1433 735 1483 et
756 1425 855 1484 tertiae
870 1425 988 1503 fipurcm
1008 1422 1141 1500 legitime
1161 1423 1390 1496 concluduntsi

293 1516 382 1594 plane
402 1517 707 1580 identifieanturcnm
730 1520 821 1580 modis
837 1513 1008 1600 perfeetisl.
1022 1521 1149 1600 fipurnc.
1193 1520 1289 1599 Atqui
1310 1519 1390 1580 modi

292 1633 393 1676 omnes
406 1615 548 1676 secundm
560 1627 590 1677 et
611 1618 711 1678 tertiae
726 1619 845 1697 fiparac
866 1617 956 1696 plane
978 1617 1195 1696 idmmflenntur
1208 1635 1276 1676 curii
1298 1615 1391 1675 modis

290 1715 405 1788 primae
412 1715 537 1794 fipurce.
580 1715 671 1792 Quod
686 1715 728 1776 sic
742 1715 844 1795 probo.

319 1796 364 1870 ‘si
378 1823 515 1872 sumatur
526 1812 632 1874 modus
646 1813 836 1893 imperfectus
847 1822 877 1874 et
887 1813 978 1892 ipsius
993 1811 1228 1890 propositionum
1239 1808 1391 1869 conversio

292 1908 421 1984 lepiti'mn
431 1907 492 1982 fiat,
505 1909 666 1970 habebitur
680 1909 813 1990 profecto
824 1908 929 1969 modus
944 1909 1058 1988 primae
1069 1906 1191 1986 figurae.
1235 1904 1391 1984 Exemplis

294 2023 355 2064 rein
371 2004 555 2066 illustremus
570 2029 577 2066 :

375 2099 487 2164 1.-·Sit
504 2103 609 2164 modus
629 2105 792 2186 Qummtrco.

376 2213 447 2312 lQui
462 2216 562 2311 diligit
576 2217 765 2297 iniquitatem
780 2217 841 2278 odit
854 2218 983 2278 animam
996 2235 1079 2276 amm
1087 2236 1098 2284 ,·

385 2295 496 2356 Nullus
505 2308 604 2377 justus
618 2298 679 2358 odit
693 2301 823 2359 unimam
836 2319 937 2358 mmm:

376 2316 496 2458 iNullus
505 2379 604 2458 justus
617 2379 719 2458 diligit
733 2378 930 2458 iniquitatem.

291 2489 322 2550 Si
344 2493 680 2571 convertasaimplikiter
699 2495 840 2552 minorem
853 2501 883 2553 ct
896 2493 1110 2564 conclusionem,
1126 2489 1250 2552 habebis
1273 2509 1391 2569 sequen·

293 2597 352 2648 teni
367 2587 589 2668 syllogismum:
646 2583 651 2595 '

376 2703 447 2800 lQui
462 2705 564 2784 diligit
577 2705 764 2784 iniquitatem
780 2705 841 2765 odit
854 2706 984 2764 noiinnm
997 2723 1099 2763 suem:

301 2827 303 2831 ,
385 2785 505 2860 Nullus,
519 2787 572 2865 qui
585 2786 646 2846 odit
660 2787 789 2846 amimam
802 2806 894 2859 naum,
908 2795 952 2846 est
961 2785 1076 2864 justus:

385 2865 505 2940 Nullus,
518 2867 570 2946 qni
584 2866 686 2946 diligit
700 2866 898 2946 iniquitatem,
912 2876 956 2926 est
964 2865 1071 2943 justus.
1096 2933 1098 2942 ,

292 2994 321 3043 et
336 2982 472 3062 ponendo
481 2984 706 3060 propositionem
721 2980 786 3042 loco
800 3001 870 3041 sno:

375 3095 506 3194 {Nullus
521 3097 571 3188 qui
584 3095 645 3190 odit
657 3097 793 3190 unimam·
802 3115 893 3165 mmm,
907 3105 951 3154 est
957 3094 1080 3189 justns;

383 3177 498 3248 Omnis,
512 3195 564 3254 qni
579 3174 680 3254 diligit
700 3185 898 3254 iniquitatem,
913 3174 974 3234 odet
987 3193 1117 3234 nitentum
1130 3192 1234 3232 mmm:

383 3255 504 3329 Nullus,
519 3257 571 3335 qui
585 3255 686 3335 diligit
699 3255 898 3334 iniquitatem,
911 3267 955 3314 est
964 3255 1071 3333 justus.

292 3373 353 3450 Qui
375 3371 480 3432 modus
493 3380 538 3430 est
558 3369 664 3430 modus
685 3369 830 3448 pei-iectus
856 3367 988 3429 Celerem
1009 3368 1124 3446 primae
1146 3365 1267 3446 figurae
1310 3365 1392 3442 Ergo

293 3472 449 3534 Gemestres
472 3467 561 3548 plane
575 3467 770 3547 identificatur
790 3487 857 3526 oum
878 3465 1017 3530 Cenem
1060 3462 1123 3525 Ubi
1148 3463 1274 3524 observa
1289 3463 1319 3522 in
1334 3462 1389 3520 hoc

238 3612 240 3618 -
289 3569 376 3630 modo
391 3566 507 3628 nonnisi
530 3566 608 3626 banc
621 3563 843 3626 conversionem
856 3563 1013 3640 simplicem
1026 3561 1147 3621 minoris
1160 3571 1190 3622 et
1203 3560 1390 3621 mortariensi

288 3687 348 3726 csse
376 3665 557 3744 legitimam:
587 3681 666 3732 nam,
695 3680 883 3740 quacumque
911 3659 974 3719 alia
1001 3659 1083 3718 laeta
1110 3657 1311 3726 conversione,
1340 3654 1385 3715 vel

288 3761 421 3844 prodibit
436 3761 540 3820 modus
550 3758 724 3836 illepitimui,
737 3756 784 3818 vel
799 3755 905 3816 modiis
917 3755 1055 3815 indirecte
1064 3753 1235 3816 cormludeiu
1245 3753 1277 3812 iu
1293 3754 1387 3832 priina

288 3859 392 3939 ligurii.
435 3857 526 3934 Quod
547 3855 596 3915 hic
610 3854 746 3926 dicimus,
761 3854 798 3913 de
811 3853 879 3913 aliis
895 3851 989 3913 modis
1003 3851 1116 3911 dictum
1143 3861 1224 3928 puta,
1240 3861 1340 3926 ntpar
1354 3863 1382 3906 te

292 3959 390 4036 ipsum
405 3953 535 4034 experiri
551 3963 642 4032 potes.

369 4049 499 4112 II.-Sit
515 4049 619 4110 modiis
635 4049 747 4110 Burono
762 4048 931 4128 (Fetoro):

541 4162 648 4224 Omnis
663 4163 759 4224 virttis
772 4171 816 4223 est
825 4161 960 4240 prudens
973 4184 984 4233 ;

544 4243 664 4323 Aliquis
678 4243 757 4303 zelus
772 4263 831 4303 non
846 4252 889 4303 ast
898 4241 1032 4320 pmidem
1046 4264 1056 4300 .·

542 4323 664 4404 Aliquis
678 4323 758 4384 relus
771 4343 832 4384 non
846 4331 891 4383 ost
904 4323 1008 4383 virtus.
