3124 4954
576 1135 852 1308 noema

337 1557 579 1631 DEFINITIO,
601 1556 844 1630 ΟΒῦΕΟΤΗΜ,
866 1555 1081 1616 PARTlTlO.

203 1792 340 1865 “Omnia
354 1813 431 1871 quae
446 1769 560 1852 ratione
573 1791 744 1870 suscipitur,
760 1790 796 1850 de
810 1789 914 1870 aliqua
930 1809 960 1848 re
975 1788 1123 1848 institutio
1144 1785 1264 1846 delicta

159 1889 337 1950 delinitione
350 1890 505 1969 proficisci,
519 1900 551 1950 ut
566 1889 753 1968 intelligatur
764 1888 837 1967 quid
848 1889 887 1948 sit
897 1888 937 1960 id,
949 1887 1053 1964 dequo
1064 1884 1263 1964 disputatur.''

162 1988 221 2047 Ait
242 1987 360 2047 Tullius
376 1987 444 2048 Lib.
462 1990 487 2047 1.
503 1988 540 2056 de
554 1986 675 2047 Officiis.
718 1985 924 2062 Quamobrem
940 2005 1046 2063 operae
1062 1983 1192 2062 pretium
1207 1981 1263 2040 erit

160 2095 236 2145 ante
258 2085 360 2145 omnia
383 2085 513 2164 Logicac
523 2083 726 2144 definitionem
742 2082 866 2144 tradere.
910 2081 1028 2141 Deinde
1051 2079 1142 2158 ipsius
1157 2077 1265 2156 Objec·

160 2192 228 2241 tum
245 2182 518 2250 determinabimus,
533 2203 568 2241 ac
582 2182 703 2241 demum
718 2180 810 2260 ipsius
824 2177 1190 2258 partitionem'trademns.
1266 2213 1280 2244 0
1301 2219 1306 2231 .

207 2375 292 2435 Droo
306 2375 482 2454 I.-Loqr'cn
499 2382 537 2434 eet
558 2375 686 2446 seientia,
709 2395 767 2454 quo
782 2380 860 2432 aetra
880 2373 1003 2432 rationu
1017 2370 1058 2428 nd
1080 2390 1175 2429 nerum
1189 2368 1265 2428 ordi·

161 2479 242 2540 virne,
256 2474 318 2532 aine
332 2493 427 2532 more
441 2493 475 2532 nc
481 2472 571 2550 focile
586 2470 793 2551 conequntdum
808 2469 988 2548 diriqnntnr.
1295 2543 1299 2549 Ι

672 2565 722 2625 Ex
735 2565 765 2626 S.
781 2565 898 2625 Thoma
914 2567 939 2624 1.
955 2563 1033 2624 Post.
1050 2561 1161 2642 Analy.
1177 2562 1229 2622 lec.
1246 2562 1263 2621 l.

209 2748 232 2803 l.
277 2743 417 2823 intellige
443 2766 561 2804 aeneum
593 2743 760 2804 verborum.
791 2761 811 2803 1.
842 2742 955 2821 Logica
984 2741 1095 2801 dicitnr
1128 2741 1264 2800 o'cicruia

162 2839 221 2898 rm
238 2840 316 2898 enim
328 2841 481 2919 proprium
500 2842 629 2920 Logicae
640 2842 774 2900 ordinem
787 2841 982 2912 considerare,
992 2861 1077 2919 quem
1092 2851 1175 2899 actus
1187 2859 1265 2898 men·

161 2939 203 2996 tis
216 2937 366 2997 humanae
378 2937 488 2998 habent
500 2939 562 2998 sive
571 2939 610 2998 ad
622 2939 760 3011 invicem,
771 2938 833 2998 sive
844 2937 936 2998 relate
946 2938 984 2997 ad
999 2937 1266 3008 ratiocinationem,
1329 2995 1333 3000 .

161 3035 255 3112 liujus
270 3034 429 3095 intrinseca
444 3036 637 3096 constitutiva
649 3036 836 3114 investigare,
848 3053 886 3095 ex
902 3035 995 3113 iisqne
1010 3034 1088 3112 leges
1097 3055 1133 3094 ac
1147 3055 1266 3094 normae·

159 3131 320 3203 (inlunem,
335 3131 443 3210 quibua
466 3133 655 3193 ratiocinatio
669 3133 734 3212 ipen
755 3131 921 3212 regulanda
934 3133 982 3204 sit,
997 3142 1031 3192 ut
1046 3131 1076 3190 in
1092 3131 1154 3192 veri
1169 3131 1267 3210 cogni·

163 3227 279 3284 tionem
294 3247 376 3288 mene
391 3239 456 3288 tuto
470 3229 620 3307 procedat.
664 3229 751 3289 Haec
765 3239 866 3289 autem
881 3228 983 3288 omnia
997 3229 1136 3288 notitiam
1152 3227 1266 3298 claram

162 3337 197 3382 ct.
212 3323 384 3384 distinctam
408 3324 597 3398 relationum,
613 3326 701 3387 idest
722 3327 922 3405 cognitionem
943 3324 1136 3386 scientificum
1159 3325 1267 3404 impor-

161 3433 243 3479 tant.
284 3421 330 3481 uf.
346 3421 377 3481 in
391 3423 524 3482 Auctore
539 3443 567 3482 n.
585 3425 610 3483 1.
626 3432 743 3484 textum
758 3423 786 3483 S.
802 3421 857 3483 Th.
873 3423 903 3482 in
921 3424 946 3482 1.
963 3422 1141 3482 Ethicorum
1157 3421 1222 3483 lect.
1239 3425 1266 3482 4.

208 3519 330 3579 Dicitur
344 3519 511 3580 11.—Actna
523 3522 654 3581 rationu.
697 3521 742 3580 Hi
763 3530 847 3582 actua
861 3529 931 3580 sunt
950 3531 1010 3582 tren
1025 3519 1063 3580 ad
1079 3520 1207 3580 invicem
1221 3541 1266 3580 co

160 3619 307 3692 (reclinati,
321 3628 355 3680 ut
370 3639 440 3679 mox
454 3619 563 3680 dicam.
605 3620 656 3680 Ad
667 3620 721 3680 hoa
732 3629 831 3680 autem
847 3619 1017 3698 dirigendos
1027 3617 1266 3698 ordinandoeque

160 3714 289 3774 reflexio
311 3715 418 3776 mentis
440 3725 484 3776 cst
509 3716 681 3788 accedentia,
704 3735 780 3794 qnae
802 3715 922 3794 quidem
947 3715 1069 3776 reflexio
1078 3717 1204 3794 moprin
1224 3727 1267 3777 eet

162 3813 318 3872 humanae
339 3812 456 3885 mentia,
470 3833 556 3892 quae,
571 3823 676 3892 utpote
695 3812 869 3892 spiritualis,
884 3812 915 3872 id
930 3823 974 3874 eet
988 3813 1019 3872 in
1034 3813 1176 3874 exercitio
1196 3833 1267 3874 anae

159 3909 330 3970 activitatis
344 3929 402 3970 non
418 3909 510 3969 affixa
527 3909 573 3970 vel
588 3909 724 3989 indigena
740 3930 851 3989 organo
873 3909 1030 3988 corporali,
1051 3929 1110 3969 non
1133 3909 1221 3970 modo
1235 3911 1266 3970 in

158 4015 251 4066 actua
272 4005 451 4068 facultatum
466 4007 621 4084 comparili,
635 4005 685 4066 aed
707 4007 797 4067 etiam
813 4006 844 4065 in
863 4006 998 4084 propriae
1012 4005 1108 4066 redire
1129 4015 1225 4085 potest
1238 4017 1267 4067 et

159 4112 378 4182 consequenter
391 4103 538 4164 ordinare.

175 4255 178 4258 .
206 4199 328 4260 Dicitur
342 4199 478 4262 rra—Ut
492 4221 595 4261 verum
610 4201 672 4260 eine
686 4221 781 4261 marc
795 4222 830 4260 cc
842 4199 1081 4279 facile—quibam
1096 4199 1194 4262 verbis
1207 4221 1267 4262 sco

160 4317 231 4376 pua,
246 4295 285 4355 ad
300 4317 388 4373 quem
403 4297 517 4376 logica
529 4297 649 4358 tendere
663 4297 760 4371 debet,
775 4298 933 4358 indicatur.
971 4297 1033 4359 Hie
1047 4309 1147 4359 antem
1161 4319 1267 4380 scopus
