3172 4950
298 428 335 486 aa
385 427 393 446 '
794 428 912 508 Loprru.

283 637 286 644 '
330 627 377 686 68,
424 625 766 707 despondeo—Relatio
795 628 890 686 realis.
933 626 1000 686 Non
1030 626 1107 686 euim
1139 625 1194 686 uisi
1223 625 1287 687 Ena
1314 627 1380 688 reat
1391 651 1394 661 ·

293 725 411 801 ponitur
424 725 480 784 suh
505 725 746 804 praedicamento
770 725 813 800 (u.
830 723 891 787 53.)
937 724 980 783 rit
1001 723 1072 801 quid
1098 735 1142 782 est
1160 722 1264 783 relatio
1278 725 1392 782 realta!

292 819 340 878 Ad
356 821 444 900 hujus
459 821 500 880 rei
515 820 754 899 intelligentiam,
768 820 829 878 duo
842 833 910 878 sunt
926 817 1148 878 oonsideranda.

329 913 464 974 Primum
487 916 768 978 eat-Relationem
792 937 852 976 esse
874 937 957 994 persae
980 916 1026 974 vel
1050 917 1165 982 realem.
1188 918 1232 976 vol
1258 920 1393 978 ration-ta.
1490 947 1493 954 ·

291 1012 335 1072 vel
351 1015 477 1073 mittam
522 1012 611 1074 Hanc
633 1014 823 1092 partitionem
850 1013 1048 1098 pulcherrime
1070 1014 1203 1092 explieat
1217 1018 1246 1074 S.
1262 1014 1395 1074 Thomas

289 1112 330 1169 sio
345 1111 488 1188 iuquiens.
530 1112 681 1187 “Quidem
698 1109 865 1172 docueruut
880 1110 1067 1170 Relationem
1083 1131 1141 1169 non
1158 1133 1217 1170 ease
1233 1132 1292 1170 rem
1308 1123 1395 1171 natu·

292 1229 339 1268 rae
363 1211 394 1286 (i.
418 1233 442 1268 o.
466 1210 589 1288 realem)
612 1210 661 1270 sed
686 1211 808 1270 rationis
833 1221 960 1270 tautum.
1006 1209 1096 1284 Quod
1121 1209 1241 1288 quidem
1264 1207 1389 1288 apparet
1453 1241 1455 1246 ·

291 1327 350 1364 esse
365 1307 472 1366 t'alsom
489 1329 526 1366 ex
541 1307 597 1366 hoe
612 1308 690 1386 quod
707 1307 787 1386 ipsae
804 1329 847 1366 res
862 1306 1030 1366 naturalem
1047 1307 1180 1366 ordinem
1197 1321 1224 1366 et
1242 1307 1395 1368 habitudi-

292 1423 356 1464 nem
380 1404 493 1464 habeut
507 1405 546 1464 ad
570 1404 708 1464 invicem.
752 1403 968 1462 Verumtamen
991 1403 1143 1462 selendum
1159 1417 1212 1475 est,
1226 1403 1306 1482 quod
1321 1424 1388 1462 euro

294 1501 410 1560 ltelatio
425 1502 558 1577 requirat
571 1500 632 1560 duo
654 1511 798 1570 extrema,
813 1500 964 1576 triptiater
977 1520 1007 1558 se
1023 1499 1111 1558 habet
1128 1500 1165 1558 ad
1181 1499 1237 1560 hoo
1258 1499 1338 1578 quod
1352 1501 1390 1560 sit

292 1617 335 1656 res
349 1609 475 1656 naturae
490 1605 543 1656 aut
559 1596 690 1656 rationis.

329 1693 597 1772 a¹-“Quundoque
617 1693 697 1753 enim
712 1714 745 1752 er
758 1700 880 1772 utreqate
897 1701 982 1769 parte
995 1705 1037 1753 ast
1053 1713 1098 1752 res
1114 1693 1238 1754 rationis
1258 1705 1390 1764 tantum,

290 1792 409 1870 «qnando
423 1814 471 1862 ειη
493 1791 565 1854 ordo
581 1791 627 1852 vel
652 1791 797 1850 habitudo
820 1811 877 1850 uon
903 1801 999 1867 potest
1019 1811 1080 1848 ease
1102 1791 1180 1850 inter
1202 1789 1313 1868 aliqua,
1335 1789 1392 1848 nisi

288 1889 449 1949 morandum
465 1874 719 1966 ‹apprehereioaem
739 1887 862 1946 rationis
883 1894 1003 1956 tantem,
1027 1897 1060 1946 ut
1081 1906 1150 1946 oum
1165 1887 1292 1947 dicimus
1313 1886 1394 1947 idem

289 1987 384 2045 eidem
400 1986 486 2046 idem.
530 1986 610 2046 Nam
625 1986 788 2046 seeundum
810 1986 890 2064 quod
906 1986 982 2044 ratio
996 1985 1196 2064 apprehendit
1209 1986 1255 2046 bis
1269 1987 1391 2066 aliquod

291 2102 392 2154 unum,
407 2082 513 2142 statuit
527 2081 603 2142 illud
625 2093 660 2142 ιιι
673 2081 750 2154 dno;
771 2081 855 2142 etsie
869 2081 1068 2160 apprehendit
1089 2083 1251 2160 quamdam
1273 2083 1394 2144 habitu-

290 2179 389 2239 dinem
405 2179 496 2258 ipsius
509 2177 548 2240 ad
563 2179 699 2258 seipsum.
743 2177 785 2238 Et
795 2178 933 2238 similiter
943 2190 986 2239 est
997 2179 1033 2238 de
1045 2179 1184 2240 omnibus
1195 2180 1391 2241 relationibus
1417 2161 1423 2182 ¹

204 2285 214 2306 ⁸
290 2295 366 2353 quae
387 2285 457 2336 aunt
478 2275 556 2336 inter
578 2273 642 2335 Ens
663 2286 694 2336 et
715 2294 847 2346 nonens,
861 2293 935 2352 quaa
957 2275 1067 2334 format
1090 2275 1175 2348 ratio,
1190 2276 1221 2336 iu
1243 2286 1390 2354 quantum

290 2373 489 2452 apprehendit
513 2393 645 2445 non-ens,
659 2383 695 2432 ιιι
718 2371 868 2450 quoddam
895 2382 1071 2432 extremum.
1116 2371 1158 2432 Et
1182 2372 1260 2432 idem
1286 2384 1330 2433 est
1354 2373 1392 2432 de

290 2469 427 2529 omnibus
441 2468 644 2540 relationibus,
659 2489 736 2547 quae
750 2480 971 2546 consequuntur
985 2475 1078 2528 (earm
1092 2470 1225 2542 rationis,
1240 2479 1274 2530 nt
1286 2489 1392 2549 geum,

290 2567 399 2643 species
413 2575 443 2626 et
457 2566 636 2645 hujusmodi.
654 2569 657 2574 ’

332 2663 568 2739 tr—“Quaedam
583 2683 654 2724 vero
669 2663 826 2724 relationoe
840 2674 911 2723 aunt
924 2675 1069 2742 quantum
1082 2665 1121 2724 ad
1133 2673 1284 2745 rarumque
1294 2675 1391 2726 extre-

271 2151 285 2180 Ι

292 2781 373 2820 mum
389 2782 434 2820 res
447 2768 581 2834 naturae,
590 2759 710 2839 quando
724 2781 772 2820 se:
793 2771 837 2820 est
852 2760 998 2821 habitudo
1013 2760 1090 2820 inter
1104 2761 1207 2840 aliqua
1221 2763 1282 2822 duo
1295 2785 1394 2823 aeeon-

228 2855 235 2872 '
291 2859 361 2920 dom
375 2861 490 2940 aliquid
512 2860 627 2920 realiter
649 2860 827 2921 conveniens
848 2860 984 2938 utrique;
1005 2861 1081 2921 siout
1104 2873 1187 2940 patet
1200 2862 1237 2922 de
1251 2863 1391 2923 omnibus·

292 2956 494 3029 relationibus,
509 2975 586 3034 quae
607 2965 828 3034 consequuntur
850 2956 1046 3034 qaarrtitatem,
1060 2967 1095 3016 ut
1118 2977 1260 3036 magnum
1276 2969 1305 3018 et
1327 2979 1393 3037 par-

291 3075 372 3128 vum,
395 3053 522 3133 duplum
546 3053 746 3114 etdimidium
770 3063 801 3114 et
823 3053 1010 3132 hujusmodi:
1032 3073 1101 3114 nam
1126 3053 1279 3131 quantitas
1300 3055 1389 3116 estin

289 3159 415 3230 utroque
429 3161 631 3209 extremorum
646 3157 676 3209 et
685 3148 783 3209 simile
795 3159 840 3210 eat
853 3150 890 3209 de
905 3149 1107 3222 relationibus,
1119 3170 1196 3226 quae
1210 3170 1394 3230 consequun-

290 3257 339 3306 tur
353 3249 492 3306 aettortem
506 3255 536 3306 et
551 3247 726 3324 paramesen,
740 3257 774 3306 ut
788 3247 933 3306 motivum
949 3257 978 3305 et
993 3245 1213 3324 mobila,'pater
1225 3259 1256 3308 et
1270 3249 1350 3310 lilius
1363 3263 1394 3309 et

288 3341 423 3428 similia

328 3441 595 3520 e-“Quancloque
605 3461 677 3500 vero
693 3439 812 3500 Relatio
824 3441 853 3499 in
866 3459 925 3500 uae
936 3453 1136 3501 extremorum
1152 3454 1255 3510 astrea
1268 3450 1394 3503 naturae

289 3549 319 3598 et
333 3537 362 3596 io
375 3537 467 3601 altero
481 3557 526 3596 ree
536 3545 579 3596 est
593 3537 717 3596 rationis
726 3545 859 3596 tantum:
882 3547 912 3595 et
922 3535 978 3596 hoe
987 3536 1134 3615 contingit
1144 3537 1394 3618 quandocumque

288 3633 348 3694 duo
375 3645 510 3694 extrema
538 3653 595 3693 non
622 3644 691 3694 sunt
715 3635 804 3694 uotae
829 3632 960 3702 ordiur‘e;
989 3633 1066 3694 sient
1090 3655 1191 3694 sensus
1215 3645 1245 3696 et
1269 3637 1391 3698 seientia

288 3730 456 3790 referuntur
477 3730 516 3789 ad
536 3729 674 3790 sensibile
687 3741 717 3790 et
730 3730 852 3800 scibile;
873 3751 950 3805 quae
964 3731 1084 3810 quidem
1108 3733 1137 3790 in
1162 3743 1308 3810 quantum
1323 3747 1392 3794 sunt

288 3847 332 3888 res
353 3827 500 3907 quaedam
520 3827 551 3887 in
574 3847 634 3888 ease
656 3827 786 3888 naturali
810 3828 978 3900 existentes,
992 3839 1062 3889 eunt
1086 3837 1167 3888 eetrn
1188 3830 1319 3890 ordinem
1334 3853 1394 3892 rasse

285 3923 432 3984 sensibilis
445 3933 475 3984 ει
496 3923 704 4003 intelligibilis.
748 3922 791 3984 Et
805 3924 872 3984 ideo
887 3925 1055 3986 inscientia
1070 3925 1190 4004 quidem
1205 3937 1236 3986 et
1248 3947 1334 3988 sensu
1350 3943 1392 3988 est

287 4019 392 4082 relatio
419 4021 514 4092 raetia,
542 4019 705 4080 seeundum
735 4021 814 4098 quod
850 4022 1029 4082 ordinantur
1056 4022 1095 4081 ad
1123 4023 1309 4083 sentiendum
1341 4025 1387 4084 vel

285 4120 436 4181 sciendum
460 4139 523 4192 res;
544 4119 594 4180 sed
610 4140 655 4179 ras
677 4120 757 4198 ipsae
771 4123 804 4180 ia
826 4143 854 4180 ae
868 4122 1155 4182 ‹·onsiderataesunt
1169 4129 1249 4182 eatra
1262 4123 1391 4184 ordinem

286 4217 474 4298 hujusmodi,
497 4217 575 4277 unde
590 4217 620 4276 in
635 4217 676 4278 eis
698 4239 756 4278 nou
780 4231 823 4278 eat
844 4218 947 4298 aliqua
968 4219 1072 4280 relatio
1088 4219 1205 4298 (realis)
1221 4221 1338 4280 realiter
1351 4222 1390 4280 ad

283 4313 437 4376 scientiam
451 4325 482 4374 et
494 4334 621 4386 sensum,
635 4314 684 4374 sed
708 4315 863 4375 recondam
887 4320 1027 4376 rariorem
1040 4327 1168 4390 tantum,
1183 4317 1213 4376 in
1248 4331 1396 4396 quantum
