3358 4952
409 389 464 449 iao
903 393 1020 472 rapas.

407 607 460 644 nei·
485 589 602 646 iiiii'iaae
625 607 679 647 aee
704 588 925 648 iinnrortalitntii
949 590 1062 650 notioni
1088 591 1247 651 eonvenit:
1276 591 1351 651 nihil
1378 593 1504 670 profecto
1580 611 1581 638 t

408 702 490 742 inens
504 682 644 760 colligere
658 684 775 762 poterit.

447 779 749 842 Secundo-Verum
774 782 832 855 fao,
859 792 891 843 ut
914 793 1012 843 staats
1036 783 1139 844 eadem
1164 784 1362 856 dubitatione,
1387 797 1501 846 ooeurat

407 878 579 954 cogitationi
609 878 691 940 notio
714 880 947 958 apirihmlitntih:
978 900 1059 940 mens
1085 880 1216 960 profecto
1242 880 1323 941 videt
1348 901 1412 940 eam
1439 901 1503 939 eum
1581 937 1582 944 ,

396 973 523 1046 Ιἀυεώιιε
549 973 697 1054 prioribus
722 975 893 1036 notionibus
917 977 1084 1048 convenire,
1110 976 1292 1056 proindeque
1318 976 1502 1036 ratiocinium

410 1080 497 1148 inruet
513 1071 722 1150 affinitatiirum.

620 1167 635 1268 ς’
646 1167 745 1262 Omne
759 1168 989 1262 Ena-spirituale
1002 1183 1045 1229 est
1059 1169 1245 1265 immortale:

616 1282 627 1300 ÷
648 1248 762 1308 Anima
776 1248 932 1309 rationalis
946 1259 991 1308 est
1005 1249 1068 1309 Erat
1082 1251 1250 1328 spirituale:

620 1313 761 1404 (Anima
775 1328 930 1390 rationalis
943 1339 987 1390 est
1002 1329 1066 1389 Eas
1080 1329 1256 1390 immortale.

445 1457 692 1518 Tertio—Simili
708 1458 796 1518 modo
810 1458 858 1518 fae
874 1471 1000 1519 mentem
1018 1460 1155 1538 ignorare
1170 1481 1226 1520 an:
1242 1461 1325 1519 “Enii
1339 1463 1504 1538 earitinpeas

406 1555 566 1635 sitinfirn'te
572 1555 756 1632 perfectam?
770 1565 860 1634 atque
870 1554 910 1615 ad
919 1556 949 1615 id
959 1556 1191 1634 dignoscendum
1204 1559 1353 1618 notionem
1367 1557 1505 1617 inritabili-

407 1654 473 1710 tiiti'a
486 1671 653 1711 assumere:
675 1650 756 1712 facta
770 1652 1001 1731 comparatione,
1016 1653 1175 1732 comperiet
1192 1654 1255 1714 Ena
1268 1657 1435 1732 eontiiipinis
1445 1675 1502 1714 esse
1583 1657 1584 1716 l

408 1748 594 1808 emeritialitei·
608 1747 761 1808 mutabile:
783 1749 933 1809 notionem
957 1760 1056 1810 autem
1080 1751 1283 1811 raiitalri'lilati's
1297 1772 1365 1812 cuni
1392 1752 1501 1830 infinita

404 1845 574 1921 parientinis
588 1844 745 1904 eonshtere
767 1845 1001 1924 haudquaquam
1017 1867 1108 1924 posse.
1152 1847 1302 1923 Quocirca
1318 1847 1502 1908 ratiocinium

409 1955 496 2021 ponet
510 1946 682 2020 sepelienta.

501 2039 515 2138 ς’
528 2039 656 2100 Nullum
671 2061 722 2100 ens
737 2041 922 2133 casualiter
935 2042 1072 2136 nintabi'ie
1086 2051 1129 2137 est
1143 2043 1258 2102 infinite
1272 2043 1453 2122 perfectum:

498 2157 509 2176 ι
527 2120 625 2181 Omne
639 2141 690 2180 ens
704 2131 878 2200 contingens
892 2131 935 2181 est
950 2123 1136 2182 essentialiter
1149 2123 1303 2183 rniutohi'le:

501 2183 655 2275 (Nullum
671 2221 722 2261 ens
736 2201 910 2280 contingens
926 2211 970 2262 est
984 2202 1099 2262 infinite
1114 2202 1285 2282 perfectum.

406 2333 473 2389 Stat
488 2328 580 2408 igitur
594 2329 764 2390 aeonio.—

448 2425 501 2496 Ut,
516 2445 592 2504 quae
613 2425 765 2505 hucusque
779 2426 860 2487 dicta
874 2437 952 2496 sunt,
969 2427 1099 2487 breviter
1122 2447 1314 2497 resumamus,
1329 2447 1397 2486 cum
1414 2425 1501 2485 menti

409 2523 579 2582 relationem
596 2521 769 2594 identitatis,
783 2532 837 2582 aut
851 2523 1068 2602 discrepantiae
1082 2523 1159 2583 iuter
1173 2523 1248 2582 duas
1264 2523 1396 2583 notione<
1411 2521 1501 2598 inqui-

409 2621 492 2690 renti,
510 2621 594 2678 tertia
604 2619 705 2699 aliqua
719 2621 797 2679 notio
811 2618 953 2696 affulget;
975 2611 977 2616 ¹

447 2715 733 2796 ii)-Apprehendit
755 2716 819 2796 ipsa
844 2715 990 2794 imprimis
1014 2715 1261 2786 convenientiam,
1279 2715 1325 2775 vel
1340 2715 1502 2792 discrepan-

408 2815 478 2873 tiam
495 2813 666 2891 ohjecti'varn,
681 2832 770 2892 quam
787 2811 857 2872 illae
871 2811 948 2872 duae
962 2813 1096 2873 notiones
1111 2811 1223 2873 habeut
1236 2833 1303 2872 curn
1320 2813 1417 2872 tertia.

447 2907 558 2986 t)—1n
584 2909 640 2969 hau
655 2919 756 2970 autem
771 2907 883 2987 duplici
907 2910 1045 2970 reditione
1058 2910 1187 2970 duarum
1203 2909 1325 2970 illarum
1349 2910 1497 2982 notionum

407 3027 473 3066 cum
499 3006 595 3076 tertia,
611 2989 693 3066 mens
714 3005 840 3086 percipit
862 3007 1001 3066 inclusam
1017 3015 1047 3065 et
1061 3027 1094 3064 ea
1108 3027 1140 3065 en
1164 3005 1361 3065 dimetientem
1387 3004 1501 3064 illarum

408 3103 447 3162 ad
462 3102 589 3162 invicem
605 3103 759 3164 notionum
775 3104 951 3176 raditionem,
965 3124 1056 3182 quarn
1071 3103 1241 3182 quaerebat.

447 3201 600 3275 ci—Hini·
624 3203 666 3274 fit,
682 3204 752 3263 atsi
769 3203 879 3282 priores
894 3202 962 3262 illas
975 3202 1051 3262 duas
1066 3201 1223 3262 relationes
1240 3201 1406 3280 judicando
1430 3213 1503 3260 ratau

409 3299 507 3370 hahet,
523 3321 587 3359 earn
602 3321 728 3379 quoque,
743 3321 820 3379 quae
834 3301 911 3360 inter
925 3300 1000 3360 duas
1015 3301 1148 3360 notiones
1163 3300 1327 3380 propositae
1342 3297 1502 3366 intercedit,

410 3407 505 3456 ratam
529 3396 639 3457 haheat
663 3417 813 3458 necessum
828 3407 879 3457 est.
921 3397 1011 3458 Secus
1035 3397 1113 3457 enini
1139 3397 1211 3456 idern
1235 3396 1400 3457 affirmaret
1420 3393 1502 3454 iiiiii

409 3503 439 3552 et
454 3505 593 3572 negarem
615 3493 695 3572 quod
710 3504 865 3572 repugnat.

447 3589 646 3650 Corollarium
670 3589 772 3650 1.-1n
790 3591 960 3651 Ratiocinio
982 3589 1094 3669 duplex
1120 3601 1164 3650 est
1185 3597 1263 3648 aetna
1276 3587 1503 3667 apprehensuris.

408 3707 533 3765 quorum
555 3706 633 3746 unus
647 3686 685 3746 ah
708 3687 803 3747 altero
827 3686 983 3766 dependet,
999 3697 1151 3765 tamquam
1178 3685 1290 3764 effectae
1303 3705 1321 3744 a
1335 3705 1390 3744 sua
1414 3703 1502 3742 raino.

409 3783 528 3844 Primus
541 3795 585 3844 est
598 3784 794 3863 apprehensio
808 3783 960 3844 relationis
974 3783 1208 3854 convenientiae,
1223 3781 1270 3842 vel
1292 3780 1503 3860 discrepantiae

407 3881 565 3958 najaram,
580 3901 656 3958 quae
678 3880 834 3940 intercedit
857 3880 935 3940 inter
957 3879 1107 3939 notionem
1130 3879 1259 3938 mediam
1281 3887 1312 3937 et
1333 3876 1408 3936 duas
1430 3875 1500 3935 aliis

408 3979 548 4038 notione-¹.
589 3977 742 4038 Secundus
756 3990 800 4038 est
820 3977 1015 4056 apprehensio
1030 3975 1263 4046 convenientiae,
1279 3974 1326 4034 vel
1340 3974 1501 4052 discrepan-

408 4073 466 4132 tiae
481 4072 630 4152 adjectivae
645 4073 722 4132 inter
744 4073 798 4132 has
812 4073 887 4132 duas
901 4072 1043 4144 notiones,
1059 4079 1198 4152 quidenna
1220 4073 1250 4129 iii
1271 4069 1422 4148 prioribus
1445 4067 1499 4128 illis

409 4169 600 4230 relationibus
625 4169 794 4230 continetur
819 4170 855 4228 alr
880 4171 980 4250 iiiique,
1009 4177 1106 4229 mente
1131 4169 1323 4248 inspectante,
1352 4165 1496 4226 deseendit.

409 4267 509 4346 Hujus
519 4265 753 4338 convenientiae,
765 4266 812 4327 vel
827 4265 1045 4345 discrepantiae
1055 4287 1093 4326 ex
1108 4265 1168 4326 illis
1180 4262 1374 4326 relationibus
1388 4264 1498 4323 descen·

406 4385 463 4436 sus,
479 4361 641 4422 Ratiocinii
663 4363 869 4443 (hmequndia
884 4362 994 4422 dieitur
1008 4371 1038 4423 et
1044 4363 1173 4441 fmrnoni
1187 4362 1278 4441 ipsias
1292 4360 1453 4422 ‹tonstituit
