3118 4956
866 431 985 510 Lupiae.
1107 387 1110 396 ·

488 622 671 703 Simpliciter
685 625 761 686 verti
776 624 843 686 vult
856 625 894 686 S:
919 625 952 685 P.
968 646 1039 686 vero
1053 647 1106 706 per
1120 647 1210 727 eope,
1219 644 1403 706 „dudm

490 703 525 764 M
540 705 606 765 vult
621 706 792 785 transpoui;
814 706 839 766 O
853 727 906 785 per
920 706 1102 786 impossibile
1116 706 1207 822 διω-
1217 754 1247 806 et
1260 741 1339 824 tripli
1435 780 1443 792 '

370 820 423 880 be.
1103 867 1111 879 Ρ
1230 759 1430 858 *y

368 917 639 980 S.-Convertatur
658 920 824 998 simpliciter
837 920 1008 999 propositio,
1023 940 1100 1000 quae
1115 919 1268 999 praecedit
1281 920 1310 980 S.

374 1011 650 1076 P.-Convertatur
658 1037 715 1094 per
729 1016 860 1078 occidens
874 1017 1044 1096 propositio,
1059 1037 1137 1096 quae
1150 1017 1303 1096 praecedit
1317 1015 1351 1076 P.

410 1113 500 1172 Ratio
514 1123 574 1173 est:
596 1113 740 1192 quianon
756 1115 821 1187 nisi,
837 1114 882 1175 his
896 1115 1140 1176 conversionibus
1154 1117 1292 1194 peractio,
1308 1114 1496 1176 habebitur

368 1209 472 1269 modus
486 1208 645 1288 legitimus.

370 1303 453 1365 M.—
460 1305 700 1384 liutraponcntur
707 1310 886 1385 praemissae
899 1319 929 1368 et
942 1328 1077 1387 quaeque
1090 1329 1143 1368 suo
1158 1307 1224 1368 loco
1238 1321 1377 1388 ponatur.

368 1401 563 1464 C.-Indicat
577 1402 784 1464 deductionem
796 1404 837 1463 ud
856 1405 1037 1484 impartibile,
1052 1425 1129 1484 quae
1142 1405 1263 1484 quidem
1279 1407 1349 1467 licet
1359 1407 1391 1466 in
1405 1407 1491 1466 aliis

369 1499 463 1560 modis
484 1499 546 1559 fieri
570 1500 668 1578 possit,
694 1500 797 1561 utilius
822 1509 921 1561 tamen
946 1501 1106 1563 adhibetur
1131 1503 1160 1562 in
1188 1503 1283 1563 modis
1306 1504 1424 1564 Bor-ccc
1448 1514 1489 1564 et-

368 1597 510 1670 Romulo,
525 1607 558 1656 ut
574 1618 644 1657 mox
657 1617 814 1677 exponam.

409 1692 655 1752 ata—Probare
666 1693 1009 1773 Indircctu.7,-Probatio
1022 1695 1173 1769 indirecto,
1187 1717 1239 1756 seu
1255 1718 1312 1774 pcr
1327 1697 1488 1756 deductio

368 1811 432 1851 rtem
443 1791 483 1850 od
496 1791 677 1870 impossibile,
693 1792 728 1853 fit
742 1793 873 1872 cogendo
886 1794 1092 1868 adversarium
1104 1795 1143 1854 ad
1158 1794 1379 1855 admittendum
1397 1797 1486 1855 duas

368 1888 613 1962 contradictor-ica,
628 1889 675 1950 vel
690 1891 850 1950 contrariae
863 1911 924 1952 esse
937 1891 1025 1952 simui
1036 1913 1127 1964 verca,
1136 1892 1170 1964 si,
1180 1893 1316 1953 admissis
1331 1894 1486 1971 praemis-

367 1986 405 2046 sis
419 1985 601 2065 Syllcgismi,
616 1987 692 2048 nolit
705 1988 863 2049 admittere
877 1989 1125 2068 consequentiam.
1161 1987 1308 2049 ¹innititur
1323 1989 1482 2068 principio

288 2103 290 2110 ¹
368 2081 421 2140 illo
436 2083 479 2159 (n.
495 2082 597 2159 221.):
630 2083 696 2143 “Ee
709 2083 931 2144 contradictorio
952 2086 1145 2164 consequenter
1164 2086 1294 2165 requitur
1313 2086 1484 2146 mrstrcdr'r-

368 2181 474 2238 torium
501 2179 699 2252 ontecedenttb,
728 2183 952 2261 qttoticacumque
979 2182 1055 2242 bonu
1083 2189 1121 2242 cat
1148 2181 1479 2261 consequentic.”—Fit

368 2283 468 2333 autem
483 2273 539 2334 hoc
554 2275 649 2337 modo.
690 2275 723 2337 Si
737 2279 803 2357 quis
818 2279 848 2338 iu
864 2279 935 2339 dato
950 2279 1052 2358 aliquo
1067 2279 1154 2340 modo
1170 2279 1373 2358 (imperfecto)
1392 2289 1479 2358 necet

368 2374 603 2451 consequentiam,
631 2374 765 2434 cdmheia
787 2377 963 2454 praemissis,
985 2397 1069 2436 sume
1095 2376 1350 2436 contradictorium
1373 2397 1477 2436 couse-

367 2470 493 2548 quentis,
508 2471 593 2549 eique
613 2471 738 2532 adnecte
760 2493 848 2532 unam
871 2493 909 2533 ex
934 2473 1103 2552 praemissis
1126 2473 1278 2546 conoessis,
1300 2482 1330 2533 et
1354 2473 1398 2532 sic
1421 2493 1476 2551 per

366 2566 572 2645 syllogismum
594 2567 737 2629 euidenter
751 2569 975 2630 concludentem
990 2573 1024 2630 io
1039 2572 1141 2648 prima
1153 2571 1257 2649 fiporo
1271 2569 1348 2630 inser
1362 2579 1475 2630 matra

367 2663 528 2736 dicterium,
538 2665 585 2726 vel
596 2667 774 2726 cmttrorium
787 2667 910 2727 alterius
925 2668 1103 2746 praemissae
1112 2687 1265 2728 concessae
1279 2668 1319 2727 ab
1333 2668 1474 2728 adversa-

369 2762 420 2834 rio,
432 2762 484 2842 qui
496 2763 620 2842 proinde
634 2764 681 2825 vel
693 2764 833 2826 admittet
841 2765 916 2825 dccc
929 2765 1172 2839 contradictorius,
1183 2764 1229 2826 vel
1241 2768 1406 2824 cmttroriua
1414 2785 1470 2824 care

367 2859 567 2928 simulemus:
590 2859 637 2920 vel
652 2859 803 2922 bccdctem
813 2863 925 2939 prioria
937 2861 1102 2940 Sylhpr'crni
1115 2869 1235 2922 etractus
1249 2855 1403 2921 fatebitur.

409 2955 478 3016 Hoc
509 2957 657 3036 probandi
692 2979 785 3038 genus
814 2958 844 3018 in
872 2958 1011 3020 omnibus
1039 2958 1134 3018 modis
1161 2956 1341 3036 imperfectis
1371 2955 1469 3016 iocum

368 3053 492 3127 obtinet,
507 3065 540 3116 ut
562 3055 687 3135 quisque
709 3076 762 3135 per
775 3077 806 3116 se
820 3056 984 3136 periclitari
1007 3063 1112 3135 potest,
1126 3075 1199 3134 prae
1212 3052 1307 3114 oculis
1329 3053 1468 3114 habendo

370 3151 447 3210 hane
462 3151 614 3230 regulam:
943 3177 947 3188 ·

489 3248 650 3327 “Majorem
663 3256 764 3322 seruat,
777 3252 926 3330 sumetque
939 3249 1065 3310 secundo
1078 3251 1218 3310 minorem
1227 3248 1255 3307 :''

490 3328 609 3388 “Tettio
630 3329 773 3408 Majorem
788 3333 889 3402 vomet,
903 3337 1048 3410 micatque
1060 3328 1227 3390 mimorcm.”

409 3441 522 3501 Verum
539 3441 724 3520 potissimum
738 3442 899 3504 adhibetur
914 3443 943 3502 in
959 3442 1055 3502 modis
1068 3441 1182 3502 Borocc
1196 3452 1226 3502 et
1239 3440 1383 3502 Boccrdo.
1425 3439 1467 3499 Hi

368 3536 445 3597 enim
461 3557 516 3618 pro
530 3539 645 3618 majori,
657 3539 704 3598 vel
720 3539 834 3600 minore
843 3539 1054 3616 partierdcrcm
1062 3540 1226 3616 cepaticum
1241 3536 1361 3597 habent
1384 3536 1466 3596 Haec

368 3645 469 3696 autem
497 3636 669 3715 propositio,
685 3636 814 3724 ⁸tametsi
844 3637 978 3698 converti
1005 3646 1097 3715 queat
1119 3656 1176 3714 per
1203 3635 1466 3712 contrapositionem

345 3732 474 3812 ,(quam
502 3734 723 3794 conversionem
758 3732 936 3794 universalis
963 3732 1145 3793 affirmativa
1171 3750 1290 3810 qnoque
1322 3729 1465 3808 suscipere
1530 3759 1531 3810 j

368 3830 477 3908 potest)
499 3839 591 3910 atque
606 3830 650 3890 ita
670 3830 751 3890 modi
773 3830 819 3890 illi
840 3831 879 3890 ad
904 3830 1007 3891 modos
1028 3829 1181 3909 perfectos,
1203 3828 1260 3888 hac
1281 3825 1465 3888 conversione
1530 3829 1531 3832 ’

368 3935 498 4006 peracta,
519 3926 620 3987 reduci
641 3927 771 4006 possint;
793 3927 948 3988 fatendum
970 3938 1069 3987 tamen
1084 3936 1128 3986 est
1149 3926 1227 3985 hanc
1248 3923 1461 3984 conversionem

369 4022 458 4084 valde
468 4044 528 4084 esse
538 4024 711 4086 intricatam
722 4033 752 4085 et
763 4045 820 4086 nou
832 4045 948 4104 semper
958 4045 1022 4084 cam
1031 4026 1148 4084 omdcte
1159 4021 1300 4101 conjungi
1312 4023 1355 4098 (n.
1369 4017 1462 4092 1863),

369 4121 574 4198 Quamobrem
604 4141 659 4201 pro
686 4121 919 4182 demonstranda
947 4121 1081 4182 bonitate
1109 4117 1336 4198 consequentiae
1362 4115 1393 4175 in
1422 4113 1461 4174 hie
1530 4133 1531 4162 t

370 4217 487 4278 duobus
501 4217 597 4280 modis
611 4217 796 4297 potissimum
811 4217 973 4278 adhibetur
987 4215 1120 4277 reductio
1135 4216 1173 4276 ad
1189 4211 1379 4294 impossibile.
1420 4209 1459 4270 ut
1530 4215 1531 4277 t

371 4313 532 4376 Auctorem
550 4313 592 4392 (n.
609 4313 680 4392 89.).
