3358 4952
428 417 482 476 110
922 419 1039 496 Lep-ico.
1059 379 1067 394 ·

427 611 553 672 Falsitas
564 613 656 690 lupico
668 613 830 692 reperitur:
846 613 942 692 Atqui
960 613 1080 675 Veritas
1091 625 1144 674 aut
1159 615 1288 675 Falsitas
1300 615 1396 694 logica
1405 617 1528 693 proprie

425 710 554 768 nonnisi
578 710 608 769 iu
628 711 742 790 judicio
767 712 953 771 continetur:
977 733 1044 771 narn
1073 734 1124 791 per
1144 713 1292 791 judicium
1318 714 1528 772 tantummodo

423 805 571 884 objectum
586 807 629 866 ita
643 828 703 866 esse
718 809 760 868 uti
776 819 828 880 est,
844 820 969 868 autnon
985 831 1053 880 esse,
1070 811 1112 870 uti
1128 823 1180 882 est,
1196 812 1430 889 pronunciatur:
1446 832 1525 890 erge.

426 902 510 961 Haec
532 902 618 962 modo
641 903 769 964 innuisse
790 905 915 964 sufficiet
935 905 1055 964 uberius
1078 905 1197 985 proprio
1212 906 1242 964 in
1257 907 1322 966 loco
1336 905 1525 986 explicaturi.

463 1097 547 1157 Dteo
568 1097 692 1158 II.-In
716 1103 795 1158 omni
814 1099 930 1178 jndicio
955 1101 1117 1178 officiuntur
1141 1101 1277 1160 identitas
1301 1109 1352 1160 out
1376 1102 1526 1160 ‹liner-eiius

423 1195 556 1273 object-iou
572 1199 727 1264 notionum,
743 1218 815 1274 quoe
830 1214 1082 1274 conplerentur.—

574 1388 633 1447 Pro
648 1391 817 1449 assertionis
832 1391 1032 1468 intelligentia
1047 1391 1106 1450 duo
1120 1404 1190 1451 sunt
1205 1392 1418 1470 praenotanda.

467 1486 531 1544 135.
575 1485 710 1544 Primum
732 1486 914 1546 est-Duae
936 1488 1068 1546 notiones·
1089 1488 1256 1566 comparari
1279 1501 1400 1567 possunt
1417 1488 1462 1547 vel
1485 1509 1526 1548 se-

424 1583 555 1642 eundum
570 1583 852 1661 conprehensionem,
867 1606 913 1644 sc:
929 1585 1090 1644 secundum
1108 1597 1201 1658 notes,
1214 1585 1322 1664 quibus
1337 1585 1525 1655 coalescunt;

424 1679 470 1740 vel
485 1680 646 1740 secundum
662 1683 849 1740 ecteneionern
863 1703 909 1741 sc:
931 1683 1092 1741 secundum
1112 1703 1181 1756 rem,
1197 1704 1287 1762 quam
1303 1693 1525 1762 repraesentant

424 1789 466 1837 tn.
483 1778 545 1854 50).
588 1777 684 1837 Priori
708 1779 822 1838 ratione
846 1791 1046 1858 comparatae,
1061 1779 1203 1839 dicuntur
1227 1783 1377 1840 intrinsece
1391 1780 1526 1840 diversae

425 1875 470 1934 vel
494 1874 649 1946 identicac,
665 1889 753 1954 prout
775 1876 821 1935 vel
834 1877 976 1948 diversis,
993 1877 1038 1936 vel
1063 1878 1164 1936 iisdem
1181 1890 1315 1937 constare
1334 1878 1409 1938 notis
1424 1878 1525 1956 depre-

424 1972 610 2032 henduntur:
634 1972 706 2031 hacc
720 1984 820 2032 autem
842 1973 983 2033 identitas
1000 1974 1045 2033 vel
1068 1974 1225 2034 diversitas
1241 1975 1351 2034 ideirco
1367 1976 1525 2034 'intrinseco

424 2077 623 2147 nuncupatur,
638 2069 708 2146 quia
730 2071 862 2129 notiones
884 2071 962 2148 ipsas
983 2071 1091 2130 afficit:
1113 2072 1154 2130 sic
1177 2093 1203 2132 v.
1226 2093 1253 2151 g.
1276 2073 1357 2132 notio
1378 2072 1523 2136 “Animal

422 2163 641 2224 —Rationale'’
670 2176 713 2225 est
747 2167 899 2226 intrinsece
927 2167 1056 2227 identica
1084 2189 1151 2227 cum
1181 2169 1301 2228 notione
1337 2169 1470 2240 hominis,
1497 2180 1524 2228 et

423 2261 586 2338 generatim
617 2259 764 2339 loquendo
788 2262 929 2335 definitio,
959 2264 1145 2342 potissimum
1174 2265 1197 2324 si
1223 2265 1385 2324 essentialis
1406 2267 1454 2336 sit,
1482 2276 1523 2324 est

422 2359 573 2418 ¹irnn'nrcce
599 2357 730 2419 identica
762 2381 828 2420 cum
865 2361 1003 2421 definite:
1032 2383 1048 2420 e
1075 2372 1179 2422 contra
1208 2363 1289 2422 notio
1324 2363 1452 2422 hominis
1480 2372 1522 2421 cst

423 2455 579 2515 intrinsece
593 2455 710 2516 diversa
725 2477 743 2516 a
758 2458 876 2517 notione
889 2458 1007 2537 lapidis.
1049 2459 1208 2520 Posteriori
1232 2461 1319 2520 modo
1333 2471 1524 2538 comparatae

379 2587 383 2594 ·
424 2552 555 2612 notiones
569 2551 711 2611 dicuntur
725 2553 854 2631 objectioe
868 2554 1014 2614 identicac
1029 2555 1076 2615 vel
1100 2556 1243 2616 diversae.
1291 2556 1430 2634 Objeciiue
1445 2556 1524 2619 ideu-

425 2647 508 2719 ticae,
529 2647 553 2706 si
580 2668 672 2706 unum
696 2647 832 2727 idemque
854 2649 1011 2728 objectum,
1036 2650 1105 2710 licet
1126 2651 1182 2710 sub
1205 2650 1329 2711 diversis
1351 2651 1454 2711 formis
1479 2652 1524 2711 vel

424 2745 520 2822 potius
541 2745 657 2805 diverso
677 2745 765 2805 modo
786 2758 1017 2825 repraesentant,
1033 2759 1067 2808 ut
1082 2769 1109 2808 v.
1124 2769 1151 2826 g.
1167 2769 1234 2808 cum
1255 2749 1338 2809 dico:
1360 2749 1470 2808 “homo
1483 2761 1524 2809 est

368 2829 371 2836 ⁴
422 2838 563 2900 animal.''
611 2840 751 2920 Objective
772 2853 872 2902 autem
896 2843 1031 2903 diversae
1052 2856 1122 2904 sunt
1145 2846 1288 2916 notiones,
1309 2865 1386 2922 quae
1411 2844 1525 2925 objecta

422 2938 540 2998 diversa
562 2949 792 3018 repraesentant,
815 2949 848 2999 ut
870 2952 940 3000 sunt
962 2961 989 3000 v.
1013 2963 1041 3019 g.
1066 2942 1199 3000 notiones
1229 2941 1348 3000 candidi
1378 2953 1407 3000 et
1435 2941 1524 3000 calidi

424 3038 455 3094 in
468 3055 497 3094 ce
511 3035 675 3114 inspectae:
698 3036 765 3096 dico
787 3039 819 3095 in
833 3058 861 3095 se
883 3037 1040 3116 inspectae.
1055 3039 1127 3116 qnia
1149 3039 1177 3096 in
1201 3052 1338 3098 concreto
1360 3049 1387 3097 et
1411 3039 1525 3098 ratione

422 3131 548 3211 alicujus
568 3132 702 3211 subjecti,
717 3133 747 3191 in
770 3153 829 3212 quo
850 3134 939 3194 ambo
961 3145 1153 3206 concurrunt,
1170 3145 1291 3214 possunt
1314 3157 1374 3194 esse
1395 3136 1525 3214 adjective

423 3229 577 3302 identicae,
592 3238 626 3289 ut
647 3250 715 3289 oum
738 3229 776 3289 de
797 3229 873 3290 lacte
888 3231 970 3291 dico:
993 3233 1069 3291 “hoc
1090 3232 1252 3291 candidum
1277 3243 1320 3292 est
1342 3232 1485 3310 frigidum
1500 3231 1526 3290 :”

424 3325 471 3385 vel
495 3325 604 3397 etiam;
625 3326 700 3385 “hoc
724 3325 812 3386 dulce
836 3337 879 3387 est
904 3327 1035 3387 album.''
1079 3327 1166 3388 Haec
1190 3340 1289 3388 autern
1313 3328 1452 3388 identitas
1478 3327 1523 3386 vel

423 3425 579 3487 diversitas
593 3428 750 3486 extrinseco
767 3437 967 3505 nuncupatur,
983 3428 1054 3505 quia
1069 3427 1185 3506 objecta
1200 3428 1298 3506 potius
1320 3445 1414 3504 (luam
1437 3425 1528 3484 notio

424 3541 474 3580 nes
489 3521 616 3600 respicit.
658 3519 835 3581 Notandum
852 3521 972 3601 iusuper
986 3533 1030 3582 est
1044 3523 1199 3598 o)-hanc
1213 3522 1404 3581 intrinsecum
1420 3521 1526 3580 identi-

424 3627 514 3678 tatem
531 3617 578 3677 vel
600 3617 802 3677 diversitatem
818 3639 877 3678 esse
899 3639 981 3696 posse
996 3618 1043 3678 vcl
1066 3620 1177 3677 totalem
1192 3617 1239 3678 vel
1257 3617 1422 3696 pronioiem,
1439 3627 1526 3694 prout

426 3714 558 3774 notiones
572 3712 619 3774 vel
643 3714 672 3773 in
688 3713 897 3785 omnibus,ch
921 3715 951 3773 in
975 3714 1125 3792 aliquibus
1147 3725 1263 3774 tantum
1289 3713 1366 3772 notis
1388 3713 1529 3772 conveni·

425 3819 495 3880 unt;
530 3810 723 3888 quamobrem
752 3810 818 3869 dari
848 3821 969 3888 possunt
1003 3810 1146 3882 notiones,
1174 3831 1250 3890 quac
1285 3809 1381 3889 proed
1411 3818 1526 3888 purtem

423 3916 493 3965 suut
507 3905 664 3965 intrinsece
686 3907 829 3978 diversae,
844 3906 939 3986 quood
957 3915 1072 3984 purten
1088 3927 1158 3967 vero
1182 3909 1340 3967 intrinsece
1363 3907 1527 3967 identicue:

423 4001 572 4078 b)-Item
594 4003 791 4063 extrinsecam
814 4003 1000 4064 identitatem
1016 4004 1063 4064 vel
1084 3987 1290 4064 diversitatem
1306 4025 1367 4064 csse
1382 4025 1466 4083 posse
1481 4005 1528 4065 vel

423 4099 535 4158 totalem
550 4099 596 4158 vel
613 4099 790 4177 partialem
811 4101 905 4158 totalis
919 4099 983 4171 erit,
999 4099 1023 4158 si
1039 4100 1171 4160 notiones
1195 4121 1254 4159 rent
1272 4121 1362 4160 tinent
1379 4101 1529 4160 euntdcrn-

422 4217 479 4274 que
493 4195 675 4274 exprimunt,
691 4207 720 4255 et
735 4205 840 4254 neutra
855 4195 935 4255 ultra
950 4195 1040 4255 aliam
1053 4218 1082 4255 se
1097 4197 1249 4264 extendit:
1269 4200 1409 4276 portiolir
1423 4199 1489 4270 crit,
1504 4199 1528 4256 si

423 4295 555 4354 notiones
570 4293 613 4352 ita
626 4293 664 4352 ad
687 4293 815 4352 invicem
829 4313 860 4352 se
874 4291 994 4365 habent,
1010 4305 1043 4354 ut
1063 4292 1210 4354 alterutra
1226 4315 1282 4354 nou
1300 4295 1387 4355 modo
1402 4293 1526 4356 alterius
