3172 4950
487 437 535 500 De
555 437 659 498 Rima
673 437 782 500 Mentis
800 435 982 516 operarum.

389 631 728 712 Sapiens=Subjeotun1
743 631 857 692 hebens
869 630 1064 711 Sapientiam.

188 825 233 886 At
245 825 373 886 formum
396 827 481 900 olore,
496 826 613 886 tametsi
628 827 661 886 in
681 825 802 906 obliquo,
816 825 982 904 signifiont;
1012 823 1186 905 Subjeotum
1212 845 1283 886 vero

186 924 221 984 in
244 931 318 984 rocio
341 923 473 1003 quidem,
487 935 521 984 nt
541 924 657 984 obeure
678 923 810 996 denotat,
826 932 861 983 ut
874 922 905 982 in
920 921 1012 984 citato
1032 921 1170 1003 eremplo
1185 922 1286 983 videre

186 1033 238 1080 een
279 1019 464 1100 Subjeotunr‚
478 1021 510 1080 in
524 1041 584 1100 quo
597 1031 641 1081 eet
654 1021 761 1095 forme,
774 1020 976 1100 significatum
991 1020 1158 1090 maier-inim
1174 1019 1287 1098 subjee-

187 1127 251 1177 tum
276 1137 355 1190 vero,
378 1127 525 1196 qnatenus
561 1117 616 1178 hnc
641 1119 738 1178 ior-mn
765 1116 904 1190 donatur,
928 1116 1127 1196 signifionium
1160 1117 1286 1195 jornale

186 1213 307 1274 (linitur.

161 1303 164 1311 ’
228 1309 297 1370 Hoo
311 1309 424 1389 duplex
446 1309 646 1389 significatum
668 1309 812 1390 assignari
833 1309 923 1370 etiarn
945 1309 1020 1371 solet
1040 1308 1069 1368 in
1092 1307 1246 1380 absolutis,
1260 1308 1286 1366 ei

187 1419 326 1468 concrete
339 1419 428 1468 eunt:
444 1407 505 1468 imo
518 1407 548 1466 in
564 1407 635 1486 ipsis
645 1406 812 1478 abstractis,
823 1405 847 1466 si
861 1416 896 1467 ut
910 1416 1048 1467 concretu
1061 1403 1287 1466 considerentur

188 1525 216 1564 v.
230 1525 259 1584 g.
302 1503 420 1565 Homo:
442 1503 587 1564 fortitudo
607 1514 651 1564 eet
665 1503 768 1564 virtus.
811 1502 943 1564 Domum
963 1501 1089 1564 observa
1108 1521 1168 1562 non
1189 1499 1284 1561 solum

188 1601 311 1662 nomina
323 1601 474 1682 adjective
487 1601 538 1662 ned
552 1613 583 1662 et
596 1601 702 1674 multo,
713 1621 791 1680 quae
799 1601 996 1680 grammatino
1005 1610 1076 1662 eunt
1088 1598 1286 1672 substantive,

187 1717 250 1758 eene
263 1696 358 1777 logioe
378 1698 587 1758 connotativn:
609 1697 680 1758 item
701 1717 790 1758 omne
809 1707 981 1758 uoueretum
994 1716 1054 1757 non
1074 1716 1135 1757 enno
1149 1707 1287 1758 connota-

188 1793 304 1854 tivum:
325 1793 384 1867 Sic,
398 1815 427 1855 v.
441 1816 480 1874 g„
494 1793 593 1869 homo,
614 1794 730 1869 Petrus,
751 1794 849 1856 Sortes
869 1806 940 1857 eunt
960 1795 1080 1856 termini
1100 1795 1240 1868 eouereti
1254 1807 1287 1856 nt

187 1911 247 1950 non
262 1891 461 1952 ooonotarivi:
482 1903 573 1972 atque
586 1891 666 1952 idem
680 1891 729 1952 dic
742 1891 780 1952 de
793 1892 874 1952 omni
889 1900 1026 1953 nonoreto
1040 1890 1243 1972 metaphysioo
1257 1901 1287 1952 et

190 1989 295 2070 logico.

622 2104 667 2146 nn
686 2103 858 2147 orrosrnrn

229 2281 276 2342 28.
319 2279 453 2340 Termini
467 2280 594 2362 oppositi
608 2290 688 2354 nunt,
699 2280 750 2360 qui
762 2300 867 2342 reeneu
881 2279 998 2361 objecta
1011 2279 1090 2341 inter
1099 2300 1130 2340 se
1139 2280 1286 2360 opposita,

186 2376 370 2455 exprimunt„
413 2375 473 2437 Illa
487 2387 587 2437 nutem
602 2377 745 2437 di'euntur
758 2377 907 2456 opposito:
929 2380 1026 2456 “quoe
1046 2376 1077 2436 in
1097 2397 1159 2438 una
1172 2377 1288 2438 eodem·

186 2493 246 2552 que
261 2493 294 2534 re
306 2473 452 2553 singulari
472 2473 562 2534 simul
583 2493 644 2536 enee
665 2494 723 2534 non
745 2483 869 2554 possunt
879 2473 905 2534 :’'
926 2473 1046 2553 quodsi
1068 2473 1170 2535 multis
1184 2483 1214 2534 et
1227 2495 1286 2535 non

187 2580 270 2630 certe
295 2569 360 2650 lege
384 2580 585 2650 opponuntur,
607 2571 766 2650 improprie
787 2570 924 2650 opposite
947 2569 996 2632 vel
1020 2569 1110 2631 etiem
1134 2569 1288 2650 disparato

186 2667 347 2729 dicuntur:
368 2667 414 2728 eiu
428 2677 529 2729 eutem
545 2667 597 2727 uni
611 2676 730 2728 tautum
745 2667 872 2728 hermino
886 2677 916 2728 et
929 2666 985 2727 sub
999 2665 1198 2728 determinato
1211 2685 1284 2745 que·

187 2763 259 2825 dnm
275 2764 453 2826 habitudine
466 2777 644 2844 repugnant,
660 2765 782 2844 proprie
795 2763 932 2844 opposite
945 2774 1167 2844 nuncupentur.

227 2861 300 2924 Jom
315 2881 371 2942 nge
384 2861 530 2942 oppositio
544 2862 663 2942 proprie
683 2861 765 2922 dioto
779 2861 969 2942 quadruplex
982 2871 1044 2922 est:
1065 2861 1288 2922 contradictorio

185 2980 236 3020 eo:
252 2960 409 3039 privativo,
423 2960 579 3034 monitoria,
593 2959 735 3020 relatiua:
756 2958 836 3037 quod
847 2959 889 3020 sio
899 2957 1002 3038 pruno.
1045 2957 1104 3018 Vel
1120 2958 1198 3019 enim
1214 2959 1288 3020 haeo

186 3055 333 3136 oppositio
347 3056 429 3136 viget
443 3055 610 3117 interdurn
624 3057 735 3117 formes
748 3055 909 3135 positivum
929 3053 980 3116 vel
993 3055 1072 3116 inter
1092 3055 1221 3116 formem
1235 3054 1288 3115 nli-

186 3173 278 3231 qunrn
293 3154 414 3232 opisque
439 3153 624 3224 carentium
645 3153 766 3214 tertium
781 3173 841 3214 non
856 3153 955 3213 detur.
997 3151 1029 3214 si
1043 3153 1191 3232 primum:
1213 3163 1285 3215 tuuc

187 3247 235 3310 vel
250 3249 398 3328 o)-illne
425 3250 504 3310 dune
528 3251 641 3310 formae
665 3259 771 3310 mutuo
784 3267 815 3310 se
828 3249 993 3329 expellunt,
1017 3251 1090 3330 quie
1113 3250 1165 3311 nub
1191 3250 1287 3311 eodem

184 3367 289 3423 ponere
303 3347 417 3426 positae
432 3347 555 3407 munim
569 3346 647 3406 inter
660 3365 691 3407 se
704 3345 855 3420 differunt,
870 3356 913 3419 ut,
930 3365 957 3406 v.
972 3367 1011 3426 g„
1027 3346 1058 3405 in
1072 3365 1179 3426 genere
1192 3345 1288 3426 quali·

187 3443 258 3504 totis
271 3441 417 3504 sensibilis
430 3441 544 3504 candor
557 3452 587 3503 et
601 3441 741 3522 nigredo:
756 3451 786 3502 et
798 3441 841 3502 sie
852 3442 962 3521 opponi
974 3444 1118 3502 contrario
1130 3441 1286 3502 dicuntur:

186 3539 234 3601 vel
249 3537 396 3617 b)·-illee
410 3539 489 3600 dune
502 3539 616 3600 formae
630 3548 735 3600 mutuo
749 3559 780 3599 se
793 3537 959 3618 expellunt,
973 3539 1046 3618 quie
1060 3559 1121 3600 una
1135 3537 1228 3599 oliam
1242 3559 1288 3600 re·

187 3637 278 3716 spicit
290 3649 321 3698 et
335 3657 388 3717 per
401 3645 567 3716 respectum
581 3635 621 3696 nd
635 3634 721 3696 illam
735 3634 962 3696 denominatur:
985 3643 1027 3708 ut,
1042 3655 1070 3697 v.
1084 3655 1123 3714 g„
1137 3633 1244 3696 filietio
1258 3647 1287 3696 et

190 3734 373 3814 peternitoe3
388 3734 473 3795 etsie
493 3734 609 3794 relative
630 3733 739 3812 opponi
761 3732 910 3793 dicuntur.
952 3731 984 3792 Si
1006 3741 1108 3794 nutem
1122 3731 1286 3793 seeundum

186 3831 384 3912 contingerit3
403 3841 478 3891 tuno
498 3828 630 3908 νεὶ-α’)
652 3827 707 3890 illa
727 3828 861 3889 carentia
880 3837 925 3889 est
944 3847 1028 3889 mern
1046 3827 1176 3908 negatio,
1190 3827 1234 3889 ite
1253 3839 1288 3889 ut

185 3929 389 4010 oppositorum
412 3947 506 3988 unum
527 3925 702 4006 simpliciter
722 3936 811 4006 neget
825 3925 873 3986 vel
894 3925 991 3999 tollat,
1005 3924 1086 4005 quod
1107 3924 1192 3986 uliud
1205 3925 1289 3987 offir-

185 4036 251 4087 mnt
271 4024 319 4086 vel
341 4024 435 4109 ponit,
458 4033 491 4083 ut
512 4043 539 4084 v.
561 4045 590 4102 g.
612 4021 685 4098 Ens,
700 4021 851 4095 uon-Ens;
878 4021 989 4095 Homo,
1011 4021 1196 4097 nou-Homo,
1210 4033 1284 4094 ein:

186 4131 217 4183 et
231 4122 272 4182 oie
286 4119 504 4182 wutrodiriorr‘e
517 4129 726 4199 opponuntur:
749 4119 880 4194 vel-b')
895 4118 950 4180 ilie
964 4119 1098 4182 carentia
1111 4131 1154 4181 est
1168 4121 1287 4201 negotio

185 4219 306 4298 quidem
321 4220 444 4292 formae,
459 4229 492 4279 at
505 4217 537 4277 in
551 4217 682 4298 subjecto
697 4229 768 4298 opto
782 4218 820 4278 nd
836 4216 1005 4278 habendam
1017 4216 1102 4277 illem
1114 4218 1243 4280 formem
1254 4229 1285 4280 et

185 4319 216 4378 in
231 4328 363 4398 tempore
377 4338 396 4378 n
410 4327 520 4378 nature
530 4317 699 4398 nonstiiuto,
708 4315 961 4395 quemadmodum
975 4324 1020 4377 est
1030 4316 1105 4377 visio
1115 4327 1145 4378 et
1159 4317 1286 4378 oeecitus

76 4433 81 4442 '
184 4427 317 4495 respectu
333 4414 480 4476 hominis:
503 4413 587 4475 etsie
597 4415 740 4492 privative
754 4412 866 4493 opponi
880 4412 1031 4474 dicuutur.
