3172 4950
288 457 327 514 22
783 454 902 534 Lopiaa

289 663 374 724 tenus
387 631 469 712 'vero
490 651 634 730 exprimit
655 650 777 711 modum
798 649 1003 729 praedicandi,
1025 659 1069 710 est
1091 669 1142 709 eus
1165 647 1304 728 logicum.
1348 645 1385 708 Iu

290 748 394 810 ordine
412 748 532 828 physion
556 758 586 809 et
610 748 652 821 id,
665 747 745 827 quod
768 748 879 821 existit,
893 756 924 807 et
947 747 1061 820 modus,
1076 767 1135 826 quo
1159 748 1270 819 existit,
1294 746 1387 806 realia

288 858 377 908 suut:
399 848 432 907 iu
446 847 550 908 ordine
569 847 759 926 nwtoplysioo
783 847 825 919 id,
839 847 919 926 quod
934 847 1102 926 coneipitur
1123 845 1202 906 reale
1216 843 1268 919 e'st,
1284 845 1389 906 modus

289 957 399 1018 autem,
413 967 472 1025 quo
493 945 668 1024 coneipitur,
682 945 802 1005 ideslis:
825 945 856 1004 in
871 944 975 1005 ordine
990 945 1078 1022 lapiso
1092 953 1121 1004 et
1135 943 1177 1016 id,
1191 943 1271 1022 q'uod
1292 943 1388 1003 conei-

292 1043 381 1122 pitur,
396 1052 425 1103 et
449 1041 564 1116 modus,
589 1062 648 1122 quo
672 1042 848 1121 coneipitur,
872 1041 1083 1130 sunt-idealie.
1125 1040 1209 1102 Hine
1234 1041 1354 1120 colliges
1369 1060 1390 1100 1.

291 1141 436 1202 Ordinem
452 1140 609 1220 physicum
623 1161 684 1201 esse
704 1161 779 1220 pure
792 1139 903 1200 realem
917 1149 947 1200 et
960 1143 1130 1200 concretum
1142 1161 1149 1208 ;
1170 1138 1303 1198 ordinem
1319 1137 1391 1216 logi·

292 1258 360 1298 uum
376 1257 449 1316 pure
459 1235 586 1297 idealem
597 1246 628 1297 et
638 1235 880 1297 intentionalem:
896 1236 1029 1296 ordinem
1041 1245 1141 1296 sutem
1154 1235 1390 1314 metaphysieum

292 1335 330 1395 de
343 1345 470 1414 utroque
490 1334 680 1414 participare,
694 1343 725 1395 et
744 1334 854 1413 partim
877 1333 996 1406 realem,
1012 1333 1120 1413 partim
1137 1354 1207 1393 vero
1222 1332 1347 1393 idealem
1363 1345 1391 1392 et

293 1430 485 1491 abstractum.
527 1430 658 1509 Colliges
692 1430 1030 1507 11.-Quemsdmodum
1066 1430 1138 1490 ardo
1173 1429 1393 1509 metaphysieus

294 1527 449 1606 physicum
470 1528 612 1607 supponit
632 1529 662 1587 in
678 1547 770 1607 eoque
786 1529 918 1606 proxima
937 1528 1092 1600 fundatur,
1109 1529 1152 1588 ita
1165 1527 1238 1588 ordo
1259 1527 1390 1606 Logiaus

296 1621 533 1702 metaphysioum
547 1624 689 1702 supponit
702 1623 733 1682 in
748 1643 840 1702 eoque
854 1623 1087 1684 fundamentum·
1098 1623 1197 1683 habet.

332 1719 383 1779 Ad
398 1740 460 1780 rem
475 1719 505 1781 S.
519 1719 667 1782 Thomas:
689 1719 833 1800 “Triplex
848 1732 891 1781 est
900 1721 1026 1800 alicujus
1036 1730 1161 1781 naturae
1175 1721 1391 1782 consideratio:
1447 1733 1451 1741 '

293 1838 354 1877 uno
369 1827 457 1897 prout
471 1818 678 1880 consideratur
688 1818 849 1880 seeundum
862 1839 931 1892 esse,
943 1819 1022 1898 quod
1033 1818 1125 1878 habet
1137 1818 1167 1877 in
1181 1817 1393 1897 singularibus,

293 1915 370 1975 sicut
391 1925 500 1976 natura
520 1915 629 1996 lapidis
643 1917 675 1976 in
690 1915 747 1976 hoo
768 1915 869 1995 lapide
882 1925 913 1976 et
926 1917 957 1976 in
972 1915 1025 1976 illo
1047 1913 1166 1994 lapide;
1187 1913 1249 1974 alia
1264 1935 1334 1974 vero
1348 1925 1391 1974 est
1488 1927 1490 1930 '

293 2011 490 2074 consideratio
513 2011 641 2092 alicujus
663 2022 789 2073 naturae
810 2012 973 2072 seeundum
998 2032 1059 2072 esse
1080 2031 1167 2072 suum
1192 2009 1391 2089 intelligibile,

292 2112 369 2171 siout
392 2121 503 2172 natura
524 2109 633 2190 lapidis
655 2109 868 2182 consideratur,
879 2119 968 2188 prout
982 2119 1027 2170 est
1041 2109 1071 2168 in
1086 2107 1249 2168 intellectu.
1291 2107 1392 2168 Tertia

296 2229 365 2269 vero
379 2217 423 2268 est
443 2208 639 2270 consideratio
653 2218 779 2269 naturae
793 2191 941 2282 absoluta,
955 2219 1045 2288 prout
1054 2207 1204 2270 abstrahit
1215 2208 1254 2269 ab
1270 2219 1396 2296 utrpque

295 2327 355 2367 ease
372 2305 475 2384 (inam
495 2306 532 2366 ab
553 2326 610 2366 esse
633 2307 780 2384 aepulari
800 2313 825 2366 et
846 2313 979 2378 casmeta,
994 2313 1020 2366 el
1040 2305 1077 2365 ab
1091 2327 1149 2366 essa
1161 2306 1321 2366 ustioasali
1334 2305 1396 2365 abs·

301 2410 389 2463 tracto
412 2411 437 2463 et
458 2401 574 2484 reflexo)
597 2403 760 2464 seeundum
783 2423 872 2483 quam
898 2403 1163 2464 considerationem
1187 2401 1392 2463 consideratur

296 2509 404 2560 tratura
425 2498 535 2580 lapidis
548 2499 597 2561 vel
619 2501 832 2580 cujuscumque
852 2499 984 2574 alterius,
999 2510 1146 2580 quantum
1161 2499 1199 2560 ed
1215 2519 1251 2560 es
1265 2509 1394 2570 tantum,
1489 2517 1490 2520 ’

210 2609 213 2614 ‘
297 2617 374 2675 quae
398 2615 451 2676 per
464 2616 495 2657 se
515 2605 689 2675 competunt
710 2596 765 2658 tali
789 2596 942 2658 naturae.”
985 2597 1096 2673 Quodl.
1112 2598 1139 2657 8.
1155 2617 1182 2676 q.
1200 2597 1225 2656 1.
1241 2615 1267 2656 a.
1286 2594 1396 2678 1.÷Et

300 2711 332 2754 11.
348 2691 384 2753 de
399 2693 514 2753 Anima
523 2692 543 2754 l.
557 2693 603 2755 12.
639 2693 852 2756 “Universalia
861 2694 1022 2755 secundum
1035 2694 1115 2774 quod
1126 2704 1198 2754 suut·
1207 2693 1399 2765 universalis,

298 2789 417 2871 (reflexa
441 2811 489 2851 so:
511 2790 667 2870 etlapsa),
681 2811 740 2850 non
766 2800 837 2851 suut
861 2791 917 2851 nisi
942 2790 972 2850 in
997 2791 1099 2851 anima
1123 2791 1326 2868 (inintellecta
1349 2811 1399 2850 so:

298 2887 506 2966 embrimiis).
548 2887 636 2967 Ipsae
646 2897 746 2948 sutem
759 2899 894 2962 naturae,
906 2886 1014 2967 quibus
1025 2887 1135 2948 accidit
1145 2888 1271 2948 intentio
1282 2889 1400 2948 [iniver-

303 2983 430 3045 salitatis
444 2984 530 3064 (quas
544 2973 659 3064 pridem
671 2992 795 3044 naturas
808 3005 860 3045 aas
873 2985 1081 3068 appellavimus
1094 2985 1271 3046 universalia
1286 2983 1394 3046 directa

298 3102 348 3142 sea
361 3080 568 3160 metaphysica)
583 3092 654 3143 sunt
666 3081 697 3141 in
713 3081 817 3155 rebus;
839 3091 870 3143 et
882 3091 1003 3161 propter
1018 3080 1073 3142 boa
1088 3083 1210 3143 nomina
1223 3082 1394 3143 eommunia

300 3176 503 3257 significantia
523 3186 647 3238 naturas
660 3177 739 3258 ipses
760 3178 973 3258 praedicantur
986 3177 1023 3238 de
1037 3178 1209 3252 individuis,
1224 3199 1283 3238 non
1299 3189 1399 3239 autem

300 3274 422 3334 nomina
435 3272 635 3353 significantia
646 3274 830 3336 intentiones.
872 3275 1008 3335 Stmrates
1019 3275 1096 3334 enim
1109 3283 1153 3336 est
1164 3275 1261 3348 homo,
1273 3275 1323 3335 sed
1338 3293 1398 3334 non

298 3380 342 3431 est
356 3369 475 3449 speeies,
489 3371 628 3450 quamvis
641 3370 731 3432 homo
745 3371 783 3432 sit
796 3371 933 3450 speeies.'’
997 3429 1002 3440 ,

339 3466 387 3527 Cf.
401 3467 492 3527 etiam
502 3465 559 3545 Op.
576 3467 622 3528 30.
637 3467 675 3527 de
688 3477 756 3528 ente
769 3479 799 3530 et
812 3469 937 3530 essentia
952 3489 976 3530 o.
992 3471 1090 3530 4.-et
1105 3489 1132 3549 p.
1149 3471 1175 3529 l.
1190 3489 1217 3548 q.
1233 3469 1281 3529 85.
1296 3489 1315 3529 a
1330 3467 1399 3530 2,-

339 3562 385 3623 cf.
400 3563 491 3623 etiam
505 3562 693 3624 Conosoenzs
707 3563 911 3626 Intellettuale
926 3565 995 3626 Vol.
1012 3566 1038 3626 2.
1053 3587 1077 3628 o.
1094 3585 1128 3626 11.
1143 3586 1189 3626 as.
1202 3567 1229 3626 3.
1245 3569 1272 3625 4.

340 3661 388 3722 cf.
402 3663 492 3722 etism
507 3661 618 3722 Suarez
632 3661 671 3723 D.
687 3661 731 3723 M.
747 3681 791 3724 vr.
805 3685 827 3724 s.
842 3663 869 3726 3.
884 3684 913 3724 n.
929 3663 956 3724 6.
