3172 4950
522 458 570 519 De
583 407 688 518 Rima
701 457 810 518 Mentis
829 457 1009 536 Operatione.
1265 459 1303 521 29

247 651 339 714 DrcO.
355 652 560 714 II.-Geoero
572 647 639 713 inat
652 653 697 712 ool
706 673 842 730 euprerm
854 652 899 713 uel
908 655 1043 731 proxim
1056 653 1101 714 oet
1111 652 1304 715 intercedite:
1346 628 1351 636 .

203 751 269 810 dem
281 753 385 829 species
396 751 441 811 oet
458 771 609 828 eupreom
622 750 666 810 oel
683 749 871 811 iretermedc'ae
891 745 936 810 oet
956 751 1095 830 infimae:
1122 750 1305 831 differentiae

209 850 324 925 pariter
337 847 381 908 vel
390 867 541 926 eupraaoe
553 848 599 908 oel
609 845 797 908 intermediae
809 847 854 907 od
865 847 992 944 ultimae.

242 1039 288 1102 Ut
301 1040 379 1100 hanc
388 1059 539 1120 generum,
547 1039 711 1119 specierum
726 1039 1020 1119 differentiarumque
1027 1039 1300 1103 subordinationem

209 1155 245 1196 ac
264 1136 516 1198 coordinationem
538 1146 617 1197 recte
629 1134 791 1215 intelligas,
804 1135 864 1196 duo
878 1155 950 1214 prae
964 1135 1059 1197 oculis
1078 1135 1192 1198 habere
1205 1136 1303 1212 debes,

202 1253 366 1312 quaecum
394 1234 456 1294 sint
482 1233 571 1295 etiam
602 1254 656 1313 pro
676 1233 805 1293 aliarum
827 1253 926 1293 renim
947 1232 1146 1314 intelligentia
1165 1234 1302 1314 apprime

201 1330 373 1402 necessaria,
383 1329 497 1409 juverit
511 1329 542 1389 in
557 1328 604 1390 his
617 1327 804 1408 explicandis
817 1327 930 1390 diutius
943 1329 1105 1391 immorari.

241 1427 289 1486 47.
331 1425 468 1486 Primum
496 1423 752 1502 est—Quaelibet
779 1445 825 1486 res
851 1424 1109 1505 sensibilisque
1133 1426 1164 1486 in
1189 1427 1302 1488 mundo

201 1524 311 1598 existit,
327 1524 479 1604 propriam
502 1534 642 1585 naturam
667 1521 768 1596 habet,
782 1542 860 1602 quae
881 1522 1002 1602 quidem
1026 1543 1090 1583 aaa
1112 1531 1164 1598 est,
1180 1525 1301 1586 tametsi

202 1623 354 1700 eornpooita
376 1641 415 1682 ex
437 1619 550 1700 duplici
573 1619 720 1699 principio
743 1619 949 1680 omtericlisc:
971 1620 1146 1700 ejectati,
1161 1621 1302 1700 quemad·

203 1716 324 1778 modum
339 1725 405 1797 post
425 1716 629 1792 Aristotelem,
643 1715 811 1791 Platonem,
824 1715 854 1777 S.
869 1716 1085 1796 Augustinum,
1099 1715 1129 1778 S.
1143 1715 1300 1793 Thomam‚

202 1835 303 1875 omnes
326 1813 503 1876 scholastici
527 1813 673 1876 Doctores
694 1813 830 1874 docuere.
871 1813 958 1875 Haec
982 1823 1083 1875 autem
1106 1833 1167 1874 una
1191 1824 1301 1876 natura

201 1910 380 1991 multiplices
394 1911 508 1972 essendi
518 1911 638 1992 gradus,
650 1920 684 1972 ut
696 1910 741 1972 ita
751 1909 860 1985 dicam,
870 1909 1051 1990 multiplices
1060 1913 1256 1991 proprietates
1264 1933 1301 1974 ac

199 2009 383 2088 operationes
396 2007 496 2069 habet
536 2007 594 2070 Sic.
610 2029 639 2068 v.
652 2029 681 2087 g.
695 2006 795 2068 Sortes
805 2015 849 2068 est
857 2027 915 2086 per
926 2027 964 2082 ae,
974 2015 1019 2068 est
1031 2015 1165 2088 mamae,
1175 2016 1301 2070 moodur

203 2104 239 2165 ad
260 2107 423 2179 intrinseco,
443 2107 536 2178 sedit,
547 2103 685 2165 discurrit
692 2126 703 2175 ;
724 2103 803 2164 idem
818 2103 867 2165 dic
880 2103 1143 2184 proportionaliter
1156 2105 1194 2166 de
1207 2115 1309 2169 caete,

203 2201 250 2264 ris.
292 2201 377 2264 Inter
390 2202 445 2264 has
458 2201 558 2264 varias
572 2201 685 2263 oesendi
700 2201 838 2275 rationes,
852 2201 1011 2282 variasque
1024 2202 1221 2282 proprietates
1234 2223 1300 2284 ope

200 2301 375 2373 rationesve,
390 2299 537 2379 quaedam
550 2309 621 2360 sunt
633 2299 887 2373 machaerae,
900 2317 978 2378 quae
987 2318 1035 2360 so:
1049 2319 1108 2360 non
1120 2307 1239 2361 tantum
1252 2299 1298 2360 illi

200 2395 251 2458 sed
275 2397 366 2458 etiam
391 2395 459 2458 aliis
483 2393 571 2456 rebus
593 2393 794 2467 conveniunt3
822 2393 972 2474 quaedum
995 2397 1093 2456 minos
1120 2415 1299 2469 oenomaum

199 2493 346 2571 quaedam
358 2491 454 2553 adhoc
466 2492 564 2554 minoe
570 2515 581 2564 ;
592 2491 741 2573 quaedam
751 2491 797 2552 illi
807 2491 862 2554 soli
874 2493 1080 2555 convenientes
1090 2513 1141 2554 seu
1147 2497 1299 2573 proponite.

198 2587 248 2648 Sic
261 2608 290 2649 v.
304 2609 333 2668 g.
347 2608 408 2650 esse
429 2607 483 2668 per
495 2607 526 2650 se
539 2607 599 2650 non
620 2596 739 2649 tantum
760 2587 839 2649 Sorti
854 2589 1001 2664 convenit,
1015 2588 1067 2651 sed
1080 2590 1219 2652 omnibus
1231 2591 1299 2652 suh

198 2685 333 2758 stantiis;
355 2686 467 2746 moveri
488 2684 528 2746 ab
541 2685 701 2748 intrinseco
714 2685 872 2765 principio,
886 2706 945 2747 non
960 2686 1107 2762 omnibus,
1121 2688 1173 2749 sed
1186 2687 1298 2769 plantis

199 2782 380 2861 caeterisque
394 2781 564 2844 viventibus
575 2803 582 2855 ;
593 2782 701 2844 sendra
708 2802 769 2844 non
779 2782 900 2863 plantis,
910 2783 962 2845 sed
972 2783 1068 2846 brutis
1076 2785 1297 2861 animantibus;

198 2879 370 2953 discurrere,
384 2901 444 2941 non
465 2879 602 2959 equidem
623 2878 720 2941 brutis
740 2879 953 2955 animantibus,
967 2901 1073 2942 verum
1094 2881 1206 2956 ceteris,
1219 2902 1298 2962 quae

198 2975 380 3038 consimilem
409 2985 550 3038 naturam
585 2975 753 3056 specificam
780 2997 848 3038 cum
882 2975 968 3038 Sorte
994 2976 1116 3052 habent,
1145 2980 1294 3040 convenit.

198 3071 277 3133 Sunt
296 3071 418 3134 demum
439 3073 597 3153 quaedam,
611 3093 688 3153 quae
701 3073 780 3134 Serti
795 3081 924 3148 tantum,
938 3093 999 3154 qua
1011 3073 1111 3137 Sortes
1125 3085 1177 3150 est,
1192 3097 1297 3139 conve-

198 3167 296 3241 niunt,
310 3178 400 3248 atque
414 3169 474 3244 hae
485 3170 668 3232 conditiones
680 3170 901 3233 indioidaoates
914 3171 1055 3234 dicuntur
1070 3175 1113 3253 (n.
1129 3174 1176 3236 25.
1191 3176 1255 3250 44.)

238 3263 325 3340 Quae
346 3284 413 3325 cum
436 3265 479 3326 ita
502 3267 570 3339 sint,
595 3266 785 3328 manifestum
809 3278 862 3342 est,
876 3269 1019 3348 quasdam
1045 3279 1148 3332 extare
1171 3273 1298 3334 rationes

197 3359 308 3420 aenne·
328 3360 377 3422 vel
402 3361 553 3440 merendi,
568 3362 676 3442 quibus
698 3363 868 3443 hujusmodi
882 3385 928 3426 res
952 3385 1021 3426 cum
1036 3365 1103 3428 aliis
1116 3367 1205 3430 rebus
1218 3389 1297 3430 com·
1405 3399 1407 3406 ’

201 3458 352 3530 municat;
374 3459 519 3538 quasdam
542 3479 622 3534 vero,
645 3459 754 3539 quibus
776 3461 815 3522 ab
838 3461 940 3523 iisdem
964 3463 1072 3525 differt
1113 3463 1162 3526 Sic
1177 3487 1205 3527 v.
1219 3487 1248 3546 g.
1262 3466 1293 3527 in

197 3573 240 3627 eo,
255 3555 335 3632 quod
349 3566 393 3616 est
401 3576 459 3634 per
471 3577 501 3616 ae
514 3577 579 3629 ease,
594 3559 796 3619 communicat
808 3557 908 3620 Sortes
916 3579 985 3620 oum
1000 3559 1181 3623 Substantiis
1191 3563 1296 3624 imma-

196 3650 368 3724 terialibns;
389 3663 422 3713 at
435 3651 535 3712 differt
556 3651 595 3714 ab
617 3653 664 3714 his
685 3655 717 3714 in
744 3655 912 3732 Qrmntdme
920 3657 1002 3716 .·—in
1023 3657 1080 3719 hac
1094 3661 1296 3722 communicat

197 3747 295 3809 Sortes
318 3769 386 3810 cum
411 3748 549 3811 omnibus
572 3749 753 3812 Substantiis
777 3753 942 3832 corporeis3
962 3764 996 3815 at
1019 3753 1119 3817 differt
1139 3754 1179 3817 ab
1202 3757 1249 3820 his
1262 3759 1294 3818 in

199 3851 275 3906 oratu
289 3845 326 3905 ab
335 3846 488 3907 intrimeco
496 3855 606 3926 recepto
613 3849 695 3908 r-in
705 3848 760 3910 hoc
770 3850 971 3912 communicat
978 3850 1078 3914 Sortes
1086 3873 1155 3934 pum
1164 3853 1294 3934 plantis;

195 3952 229 4002 at
242 3941 343 4004 differt
366 3941 463 4005 abiis
477 3945 509 4004 in
533 3945 727 4021 amabilitate,
741 3967 802 4026 qua
825 3957 928 4009 carent
952 3947 1295 4027 plantae-communi-

194 4047 244 4098 tat
253 4037 352 4100 Sortes
362 4039 395 4100 in
405 4039 601 4103 sensibilitate
610 4062 678 4103 cum
689 4041 785 4104 brutis
795 4043 1016 4119 animantibus;
1040 4046 1181 4126 aquibus
1191 4057 1292 4111 tamen

195 4133 293 4197 differt
307 4136 338 4196 in
352 4137 476 4212 ratione,
491 4159 551 4218 qua
565 4138 655 4200 bruta
668 4148 821 4201 carent-

235 4231 304 4294 Hoc
325 4234 485 4314 suppreito,
500 4235 718 4297 considerantes
739 4235 890 4317 philosphi
910 4259 1002 4300 unam
1023 4241 1217 4321 eamdemque
1230 4264 1292 4304 rem

195 4331 304 4393 habere
317 4343 363 4394 tot
377 4333 478 4394 modos
492 4333 605 4394 essendi
620 4355 655 4395 ac
669 4335 821 4414 operandi,
835 4355 901 4396 eam
916 4336 1040 4398 diversis
1053 4338 1224 4401 nominibus
1236 4342 1294 4422 sig-
