3172 4950
314 459 354 566 as
604 459 608 466 ’
809 455 929 535 myas.

345 653 377 713 Si
392 653 523 732 primum
538 618 704 730 eobtigerit,
726 649 959 727 habebitur-a)
975 647 1258 708 Praedieamentum
1271 643 1413 707 Substan-

306 753 355 823 tic,
370 751 408 811 de
421 769 481 829 qua
495 749 596 808 omnia
618 747 830 828 praedicantur
844 745 891 808 vel
906 746 1100 817 essentialiter,
1116 745 1162 804 vel
1185 743 1412 814 accidentaliter,

307 844 352 904 rel
368 844 580 904 denominative
600 855 727 904 tantum.
768 843 800 904 si
814 844 978 905 meandum
1002 843 1178 922 contigerit;
1198 852 1272 902 tune
1287 840 1333 901 vel
1350 841 1406 900 brae
1473 856 1478 866 ’

307 941 442 1000 elucidans
465 940 540 1001 inest
561 940 694 1020 subjecto
714 940 860 1013 absolute,
873 939 922 1000 vel
944 961 997 1019 per
1020 949 1184 1018 respectum
1199 939 1238 998 ad
1261 939 1362 1010 aliud;
1384 939 1410 996 si

306 1037 441 1110 absolute,
454 1037 511 1098 erit
525 1036 573 1098 vel
593 1037 749 1113 Quantitas
764 1036 809 1098 vel
831 1038 965 1114 Qualitas
974 1037 1059 1113 :-d)
1080 1035 1255 1112 Quantitas,
1267 1037 1292 1095 si
1307 1047 1410 1096 exten-
1464 1047 1473 1064 ’
1570 1045 1571 1060 ’

306 1133 352 1194 dit
372 1133 583 1194 substantiam
597 1155 769 1213 corpoream
780 1138 856 1206 ;-e)
881 1133 1030 1211 Qualitas,
1044 1133 1069 1192 si
1092 1133 1177 1193 illam
1199 1133 1351 1213 modificat
1379 1135 1409 1191 in

290 1221 292 1224 ¹
305 1253 352 1292 se:
366 1233 390 1291 si
405 1251 457 1310 per
472 1243 637 1310 respectum
652 1232 691 1292 ad
705 1231 790 1292 aliud
804 1233 880 1292 inest
892 1231 1034 1311 subjecto,
1049 1231 1287 1308 habebitur—d)
1298 1231 1338 1290 cd
1353 1231 1410 1300 Ali,

306 1330 377 1409 quid
386 1351 436 1390 seu
458 1329 787 1406 Raetiae-Quantitas
809 1329 921 1416 dicitur
933 1330 1071 1408 consequi
1094 1329 1260 1400 materiam,
1275 1327 1408 1407 qualitas

307 1447 377 1489 vero
398 1428 536 1499 formam,
550 1426 630 1507 quod
651 1425 732 1486 idem
745 1436 789 1487 est
802 1445 838 1487 ae
852 1426 969 1497 diecre;
990 1426 1068 1486 ratio
1089 1437 1314 1505 propterquam
1330 1426 1407 1485 inest

305 1524 396 1584 alicui
418 1525 581 1603 quantitas,
594 1533 638 1584 ast
651 1525 723 1602 quia
744 1523 912 1585 substantia
934 1523 1098 1584 materialis
1111 1533 1172 1582 est:
1193 1523 1273 1584 ratio
1293 1533 1408 1594 autem,

306 1633 427 1702 propter
440 1641 531 1701 quam
546 1623 622 1682 inest
634 1621 727 1682 alicui
740 1619 925 1681 substantiae
938 1621 1080 1701 qualitas,
1092 1633 1137 1681 est
1150 1621 1258 1682 forma.
1293 1621 1410 1698 Quam-

306 1719 408 1780 obrem
428 1719 581 1798 quantitas
603 1739 661 1779 non
683 1718 838 1780 invenitur
857 1718 913 1778 n'isi
934 1717 965 1777 in
988 1717 1163 1778 substantiis
1183 1716 1409 1785 materialibus;

306 1815 436 1894 qualitas
450 1835 522 1875 vero
535 1824 632 1894 potest
641 1815 769 1876 inveniri
780 1823 811 1874 et
820 1814 858 1875 de
871 1815 952 1875 iacto
966 1815 1118 1876 invenitur
1128 1814 1220 1874 etiam
1229 1814 1260 1874 in
1273 1814 1412 1875 substan·

307 1913 355 1972 tiis
376 1911 635 1984 immaterialibus,
647 1899 819 1991 cujusmodi
833 1921 904 1972 sunt
918 1911 1041 1990 Angeli,
1054 1913 1156 1972 anima
1176 1913 1409 1974 humana—(ll.

309 2007 462 2086 Kleutgen
477 2019 549 2068 trae.
565 2008 592 2067 t.
606 2006 641 2068 C.
657 2025 701 2068 tv.
714 2029 736 2067 s.
753 2007 779 2067 1.
794 2027 822 2067 n.
839 2007 907 2067 702.
921 2006 961 2067 ad
976 2009 1043 2068 706.

347 2105 379 2164 Si
408 2105 528 2164 tertium
557 2105 724 2184 contigerit,
750 2103 826 2165 idest
853 2105 878 2164 si
906 2103 993 2178 illud,
1020 2105 1100 2184 quod
1127 2105 1293 2185 subjeetum
1321 2107 1413 2167 deno·

308 2203 413 2276 minat,
432 2215 476 2264 est
497 2203 612 2284 aliquid
635 2193 853 2277 extrinsecum
885 2205 932 2266 vel
957 2205 1130 2266 denominat
1162 2205 1409 2286 subjectum-e)

307 2311 461 2380 tamquam
493 2289 626 2362 tessera
661 2302 752 2381 ipsius
786 2302 980 2382 quantitatis:
1011 2313 1041 2363 et
1064 2303 1106 2363 sie
1126 2313 1171 2364 est
1208 2302 1267 2366 Utt
1296 2303 1410 2365 scilieet

306 2418 366 2458 esse
390 2399 420 2458 in
450 2397 515 2458 loeo
542 2397 706 2460 continenti
733 2407 764 2460 et
791 2409 981 2460 mensurante
1008 2401 1208 2480 quantitatem
1232 2401 1434 2481 locati—s).

307 2505 462 2573 tamquam
491 2516 626 2556 cwrmurc
653 2497 833 2558 extensionis
861 2497 973 2570 localis,
1000 2517 1053 2576 per
1081 2497 1204 2558 modum
1232 2509 1330 2559 certae
1357 2519 1408 2560 eu·

303 2593 426 2672 jusdam
447 2591 644 2672 coaptationis
666 2593 797 2671 partium
818 2592 908 2653 locati
930 2593 969 2653 ad
990 2593 1106 2654 locum:
1123 2602 1158 2654 ‘et
1177 2595 1220 2655 sie
1240 2595 1298 2656 erit
1318 2595 1406 2656 Situs.

308 2690 381 2768 -9)
408 2700 565 2769 tamquam
598 2711 734 2750 mensure
768 2691 948 2769 operationis
981 2711 1031 2750 seu
1067 2691 1233 2752 durationis
1266 2691 1409 2772 subjecti:

307 2786 403 2848 etsie
429 2787 486 2848 erit
518 2787 727 2864 Ouarada—lc)
751 2808 804 2867 per
831 2787 954 2850 modum
977 2787 1144 2848 indumenti
1170 2789 1218 2850 vel
1247 2793 1411 2850 asamona·

306 2885 507 2964 superadditi:
529 2895 559 2946 et
580 2885 622 2946 sic
643 2885 701 2946 erit
723 2879 929 2964 Hatita-at)
942 2895 1099 2965 tamquam
1110 2886 1304 2964 principium,
1317 2907 1337 2945 a
1352 2907 1408 2966 quo

308 2993 367 3044 est:
389 2985 473 3045 etsie
495 2985 552 3045 erit
574 2984 738 3064 Actio-i)
752 2996 909 3065 tamquam
931 2986 1094 3058 minum,
1108 2987 1142 3044 in
1164 3006 1229 3066 quo,
1242 2995 1303 3046 est:
1323 2997 1354 3046 at
1367 2987 1410 3044 sic.

312 3080 369 3143 erit
382 3081 493 3142 Passio.

350 3177 436 3239 Haec
458 3179 518 3239 duo
541 3179 648 3240 ultima
666 3171 911 3259 ¹praedicamenta
931 3180 988 3241 sub
1010 3181 1107 3260 alurico
1128 3188 1254 3259 'respectu
1269 3181 1411 3240 ridentur

309 3296 370 3336 esse
392 3276 569 3349 intrinseea;
589 3278 632 3337 sie
647 3297 674 3338 v.
688 3273 717 3356 g.
732 3277 898 3350 calefactio,
912 3297 988 3357 quae
1011 3277 1144 3356 procedit
1158 3278 1199 3338 ab
1212 3279 1281 3357 igne
1294 3287 1325 3338 rt
1340 3279 1411 3338 reri·
1508 3286 1513 3294 ⁴

310 3375 392 3454 pitur
413 3374 445 3433 in
469 3393 558 3452 aqua,
572 3374 648 3434 inest
670 3375 731 3454 igni
753 3375 915 3434 secundum
938 3395 1024 3435 suurn
1049 3376 1241 3453 pnirccipium,
1263 3375 1409 3454 siquidem

310 3472 400 3545 calor,
415 3473 466 3550 qui
481 3473 512 3531 in
527 3471 596 3551 igne
609 3481 662 3545 est,
676 3471 763 3532 illam
786 3471 943 3551 producit;
965 3491 1027 3532 non
1043 3472 1113 3532 item
1127 3471 1291 3531 secundum
1308 3473 1406 3532 termi-

310 3591 392 3642 num,
403 3570 513 3650 quippe
524 3569 607 3629 calor
620 3569 790 3648 productim,
801 3570 852 3648 qui
867 3579 911 3638 est
925 3570 1069 3629 teuninus
1080 3571 1269 3642 aduenisset
1283 3571 1314 3629 in
1329 3590 1408 3649 aqua

310 3667 357 3728 vel
383 3667 414 3726 in
437 3667 544 3746 quavis
568 3667 631 3728 alia
654 3687 686 3727 re
710 3667 862 3727 calefacta
906 3665 1111 3742 Quamobrem
1136 3668 1215 3727 actio
1242 3666 1406 3726 seeundum

307 3765 488 3843 principium
500 3765 577 3825 inest
598 3764 708 3844 agenti,
723 3785 783 3824 non
796 3765 868 3825 item
890 3763 1052 3825 seeundum
1074 3765 1253 3836 terminum
1276 3785 1292 3824 e
1307 3777 1412 3824 contra

310 3861 407 3942 passio
419 3862 555 3922 inhaeret
575 3861 701 3941 patienti
715 3861 877 3922 secundum
900 3864 1063 3934 amintam,
1077 3881 1136 3921 tion
1161 3861 1231 3921 item
1246 3861 1408 3921 secundum

312 3959 500 4039 principium.
542 3958 659 4020 Idcirco
687 3958 760 4018 baec
788 3958 1030 4038 praedicamenta
1064 3969 1186 4036 possum
1213 3957 1272 4018 diei
1300 3958 1410 4036 partini

312 4058 474 4131 inhaerere,
489 4057 599 4138 partim
615 4077 676 4119 non
689 4057 893 4117 inhaerere.-

350 4153 396 4216 Ut
423 4154 572 4233 perspicis,
596 4173 635 4214 ex
658 4153 707 4214 hie
729 4153 831 4214 decem
859 4153 1117 4232 praedicamentis,
1145 4173 1239 4213 unum
1265 4153 1408 4232 exprimit

141 4317 142 4322 χ
214 4253 230 4286 '⁴
312 4252 433 4312 modum
458 4251 571 4311 essendi
592 4253 626 4311 ia
639 4273 668 4312 ac
681 4262 711 4311 et
731 4271 785 4330 per
805 4271 843 4324 se,
856 4272 902 4311 sc:
926 4251 1200 4329 praedicamentum
1222 4249 1410 4310 Substantia:

312 4361 410 4412 cetera
432 4369 501 4412 vero
523 4349 698 4428 exprimunt
720 4349 841 4409 modum
866 4348 980 4410 essenffl
1002 4349 1035 4407 in
1058 4349 1133 4418 elio:
1153 4358 1183 4408 et
1206 4347 1349 4427 quoniam
1364 4347 1412 4406 hit·
