3138 4956
454 451 501 512 De
527 453 623 512 Tertio
644 453 752 514 Mentis
778 451 960 532 Operatione.
1199 455 1256 514 285

198 644 285 706 Dtco
305 645 522 720 V.-Scientio‚
536 669 610 726 quae
623 618 885 710 Demonstrationis
898 655 937 710 est
951 649 1071 728 effeetus,
1083 655 1122 710 est
1135 651 1257 728 copnitr'o

44 775 49 780 -
157 751 234 802 certo
249 749 274 802 et
287 743 402 804 euidens
415 745 459 802 rei
479 747 655 804 neceumine
673 765 727 822 per
739 767 822 806 atam
832 766 949 808 musam
957 767 1097 826 t-euque
1107 745 1143 806 ab
1154 745 1257 824 objecto

152 839 275 914 sonnacii
288 841 474 918 specificatur,
484 861 534 900 neu
545 841 581 900 cl>
593 841 705 919 objecto,
715 849 805 919 prout
814 842 907 904 eunt
915 843 1083 921 principiis,
1094 844 1123 904 oi
1136 863 1257 922 quorum

156 936 306 996 innotescat
315 943 390 996 :—et
400 959 457 1016 pro
472 937 591 1010 diverso,
606 959 687 1018 quern
701 940 816 1017 respicit
822 939 894 1019 fine,
908 946 948 1000 est
961 940 1005 1000 vel
1016 940 1198 1018 amassia,
1212 941 1255 1002 oet

152 1035 333 1110 practico.-

197 1226 264 1286 335.
307 1226 455 1288 Prueuoto
470 1227 608 1290 I.-Vox
622 1231 757 1298 scientiae
771 1231 859 1292 modo
873 1231 1059 1311 ampliorem,
1071 1231 1160 1292 modo
1174 1232 1255 1292 strin-

156 1323 260 1382 tiorem
284 1323 531 1402 significationem
554 1325 661 1387 habet:
684 1327 772 1388 modo
795 1348 848 1407 pro
871 1349 1047 1409 qtmcumque
1067 1329 1255 1402 antitiquus

155 1433 237 1482 corta
251 1443 286 1482 ea
300 1423 347 1495 sit,
361 1423 424 1484 sive
438 1425 552 1486 incerta
565 1435 595 1485 et
609 1425 711 1498 dubia,
726 1436 816 1504 atque
830 1427 873 1486 itu
887 1426 1033 1506 quidquid
1047 1426 1153 1504 quovis
1168 1426 1255 1486 ratio·

156 1539 192 1578 ne
206 1521 420 1596 cognoscimus,
435 1521 564 1582 dicimur
583 1525 675 1582 scire:
697 1523 876 1602 quandoque
891 1544 961 1584 vern
983 1543 1037 1602 pro
1051 1522 1158 1584 notitia
1178 1529 1254 1584 certo

154 1625 184 1674 et
205 1615 330 1676 evidenti
358 1618 399 1676 rei
421 1620 630 1678 tantummodo
657 1631 825 1698 usurpatur.
869 1619 983 1680 Verum
1009 1618 1039 1680 in
1065 1619 1123 1680 hac
1147 1617 1251 1679 ultima

152 1713 325 1791 acceptione
346 1715 445 1788 adhuc
462 1714 621 1793 multiplex
636 1725 680 1775 est
695 1716 775 1777 vocis
788 1716 923 1776 scientiae
944 1716 1107 1795 usurpatio.
1150 1715 1252 1791 Quan-

141 1807 252 1886 doque
266 1809 345 1868 enim
357 1809 482 1872 denotat
495 1811 694 1894 qognitionem
709 1820 814 1872 certum
828 1813 880 1886 rei,
890 1813 981 1874 etiam
992 1814 1199 1892 contingerem
1212 1812 1254 1874 sic

153 1903 297 1964 dicimus:
320 1905 399 1964 “scio
413 1905 563 1966 hominem
579 1908 725 1980 currere,'’
739 1909 811 1970 dum
827 1909 976 1970 hominem
992 1917 1159 1972 currentem
1174 1907 1254 1970 vide

154 2020 236 2071 mus;
258 2001 337 2062 “scio
351 2022 437 2081 quae,
452 2023 507 2083 ope
527 2024 676 2078 sensuum,
691 2005 840 2084 percipio'’
855 2052 952 2066 .....
966 2015 1021 2066 etc.
1064 2005 1252 2083 Quandoque

152 2097 351 2175 cognitionem
377 2119 474 2158 rerum
498 2100 629 2172 denotat,
652 2121 736 2179 quae,
759 2108 792 2162 ut
811 2103 983 2180 plurimum,
1004 2123 1108 2166 causes
1131 2103 1251 2170 habent.

152 2193 270 2252 tametsi
291 2193 454 2272 aliquando
476 2195 633 2257 deliciunt:
655 2198 697 2257 sic
718 2197 861 2258 dicimus:
884 2199 963 2260 “scio
978 2200 1007 2258 in
1030 2208 1177 2260 autumno
1191 2219 1250 2258 ease

151 2290 295 2363 tonitrua,
310 2290 340 2350 in
357 2311 426 2351 vere
443 2292 581 2371 pluvias'’
596 2340 603 2354 .
619 2340 626 2353 .
640 2303 706 2353 etc:
729 2294 808 2353 unde
821 2294 929 2356 horum
944 2315 1003 2354 non
1017 2294 1108 2355 datur
1122 2295 1251 2374 perfecta

150 2388 283 2448 seientia.
326 2388 517 2467 Quandoque
537 2389 700 2450 adhibetur
720 2391 794 2451 haec
808 2411 867 2452 vox
882 2391 921 2452 ad
936 2385 1163 2471 significandam
1178 2391 1250 2452 noti·

151 2484 224 2544 tium
234 2486 279 2544 rei
286 2487 470 2558 necessariae,
482 2506 559 2564 quae
568 2497 667 2548 tamen
677 2507 798 2548 causam
808 2508 865 2548 non
875 2488 980 2552 habet:
995 2489 1037 2550 sic
1046 2510 1074 2550 v.
1085 2510 1113 2568 g.
1125 2489 1251 2550 dicimus

151 2604 204 2644 nos
217 2586 297 2657 scire,
308 2605 386 2663 quoe
396 2606 448 2665 per
458 2587 559 2664 primo
570 2598 599 2647 et
610 2587 778 2648 immediato
788 2588 937 2668 principie
947 2589 1163 2660 enuncientur;
1177 2587 1250 2648 haec

149 2683 228 2742 enim
245 2683 314 2744 lieet
328 2686 485 2744 necessario
501 2686 572 2758 sint,
587 2694 685 2746 tamen
702 2696 805 2746 carent
819 2706 914 2766 neque
928 2686 1065 2765 indigent
1077 2684 1180 2756 rnediq
1192 2705 1250 2763 quo

150 2779 391 2840 demonstrentur
419 2783 462 2858 (n.
492 2781 756 2858 330.).—Demum
786 2784 989 2862 propriissime
1015 2783 1163 2862 accipitur
1190 2803 1248 2844 vox

148 2878 284 2936 ecierstine
298 2877 336 2938 ad
351 2878 577 2957 significandam
594 2879 741 2952 notitiam,
755 2881 803 2941 vel
818 2880 977 2953 actualem,
992 2880 1039 2942 vel
1054 2879 1248 2948 habitualem.

148 2992 227 3050 quae
248 2972 497 3034 denominationis
511 2983 549 3035 est
569 2975 690 3054 effectio,
705 2986 735 3037 st
748 2976 804 3037 sub
819 2977 874 3038 hoc
890 2986 1021 3056 respectu
1037 2977 1168 3049 denotat,
1184 2977 1247 3037 vel:

149 3069 431 3145 a)—conciusionem
459 3075 621 3154 quamlibet,
636 3095 713 3154 quae
741 3096 794 3154 per
813 3075 1094 3136 demonstrationem
1110 3097 1129 3134 c
1151 3076 1249 3152 priori

149 3167 324 3240 deducitur;
347 3169 394 3230 vel
416 3169 616 3249 b)-epstemo,
631 3183 684 3232 aut
697 3173 873 3250 compkcum
892 3172 1116 3233 conclusionum
1130 3173 1248 3232 demon·

145 3273 319 3337 stratarum,
330 3286 407 3344 quae
418 3267 499 3328 cirea
512 3266 634 3346 aliquod
650 3268 798 3346 olqiectum
811 3278 969 3330 versantur
978 3280 1008 3329 et
1017 3267 1073 3328 sub
1086 3267 1247 3347 principiis,

149 3381 168 3422 a
192 3361 300 3440 quibus
329 3363 506 3442 procedunt‚'
526 3363 723 3437 ordinantur;
745 3365 793 3425 vel
818 3364 1017 3440 c)-ltnditum
1041 3363 1171 3436 demum,
1196 3363 1246 3442 qui

148 3469 275 3519 mentem
291 3459 330 3519 ad
352 3459 522 3538 hujusmodi
544 3460 704 3521 eliciendas
725 3462 907 3540 cognitiones
927 3461 1062 3533 inclinat,
1077 3461 1187 3539 quique
1207 3461 1246 3520 ab

148 3555 255 3615 habitu
276 3556 491 3635 principiorum
515 3559 575 3634 (sc:
598 3557 818 3638 Intelligentia)
840 3559 1043 3638 distinguitur.
1085 3559 1131 3619 Cf.
1145 3559 1175 3620 S.
1190 3558 1245 3620 Th.

147 3653 189 3729 (1.
205 3651 284 3713 Post.
299 3653 365 3714 leet.
381 3654 452 3732 20.).
493 3654 557 3714 Sub
573 3656 629 3716 hac
645 3657 846 3734 propriissime
859 3657 1031 3736 acceptione
1045 3677 1098 3718 nos
1112 3657 1161 3717 hic
1171 3671 1202 3717 et
1215 3657 1244 3716 in

144 3750 335 3828 sequentibus
350 3750 529 3812 vocabulum
545 3753 685 3813 scientiae
700 3773 885 3843 usurpamus.

186 3845 253 3907 336.
297 3846 445 3908 Praenoto
458 3847 635 3908 II.—-Porr0
647 3851 677 3908 in
689 3849 860 3911 definitione
871 3851 984 3912 tradita
995 3851 1053 3911 tris
1063 3861 1134 3912 sunt
1143 3851 1245 3912 sedulo

145 3945 369 4028 consideranda.
413 3947 548 4008 Primum
570 3961 614 4008 est
623 3958 750 4010 z—oetus
765 3951 826 4029 ipse
838 3951 1169 4013 sciendi-Secundum
1185 3965 1244 4016 ast:

145 4041 322 4120 -objectum
337 4043 421 4106 istius
443 4043 709 4106 actua-Tertium
734 4051 921 4121 cem-ratio,
935 4048 991 4108 sub
1014 4069 1074 4128 qua
1096 4049 1244 4130 objectum

145 4149 312 4216 peractum
327 4139 414 4200 illum
429 4142 538 4220 attingi
553 4142 649 4204 debet

183 4235 253 4313 Age
269 4237 333 4314 jam
364 4236 520 4298 I.—Aeius
533 4239 644 4300 mend-t
656 4253 700 4301 est
708 4243 840 4320 cognitio
850 4265 926 4316 cero,
937 4253 1014 4304 certa
1027 4255 1057 4305 et
1067 4245 1199 4307 coiderts:
1215 4259 1244 4307 et

143 4345 356 4411 consequenter
375 4334 571 4415 distinguitur
592 4347 655 4398 tum
675 4338 714 4398 ab
729 4361 833 4414 errore,
848 4351 912 4402 tum
933 4341 973 4402 ab
987 4345 1131 4421 opium,
1147 4354 1210 4404 tum
1225 4365 1244 4404 a
