3118 4956
445 473 492 532 ne
519 473 614 532 omn
637 472 744 532 unm
771 469 952 550 opernm.
1191 469 1244 530 197

184 665 269 726 Diuo
291 665 542 743 IV.-Quonism
558 687 628 726 vero
644 665 798 726 Dilemmu
811 675 842 726 et
855 663 1015 726 Soritcs'ad
1030 663 1244 743 Syllogismum

141 763 334 834 reducuntur,
348 764 440 843 ipsius
453 776 618 844 sequuntur
632 764 718 842 leges.
761 757 966 839 Quamobrem
982 771 1026 822 ut.
1279 815 1281 820 ,

142 860 325 937 u)-—Soriles
345 873 423 921 recte
445 861 603 940 procedat:
626 859 737 932 n)—ne
750 862 827 918 iuter
841 859 1025 938 affirmatione
1039 860 1173 936 nequino
1185 859 1247 918 ullo

140 960 299 1036 propositio
312 959 456 1037 subrepat,
471 959 530 1018 nisi
543 959 620 1038 sorte
636 957 810 1036 penultimo,
825 977 879 1036 quo
892 959 927 1016 in
940 977 1017 1028 nasu,
1025 954 1176 1016 conclusio
1190 955 1247 1014 erit

144 1055 302 1134 negativa:
324 1057 437 1134 βΗΜ
451 1057 513 1116 ulti
529 1057 689 1134 propositio
703 1057 739 1115 sit
748 1054 950 1132 porticulum,
965 1055 1024 1114 nisi
1037 1053 1115 1130 sorte
1127 1054 1248 1130 primo,

147 1173 204 1230 quo
218 1155 252 1212 iu
265 1173 332 1212 cusu
345 1153 486 1212 conclusiin
501 1155 556 1212 erit
564 1151 764 1230 porticndort'o.

150 1249 380 1326 b)—Dilemmu
395 1261 494 1312 autem
519 1261 631 1311 rectum
647 1250 713 1322 erit,
728 1250 849 1329 quondo
864 1249 1060 1326 cru-»dimoc
1076 1269 1149 1328 qtme
1164 1249 1201 1327 fit
1214 1251 1246 1306 in

144 1347 328 1426 dripunctiuu,
343 1357 383 1408 cst
404 1349 586 1428 odocqtmla,·
607 1358 637 1408 et
650 1348 678 1418 ῥ’
685 1349 778 1424 ΗΜ
799 1346 998 1408 advoroomutn
1012 1347 1149 1424 utrinque
1166 1345 1246 1422 serit.
1298 1415 1300 1418 Ι

146 1453 179 1506 m
193 1455 313 1526 nequeat
326 1455 426 1507 cosdro
438 1449 614 1526 njis-imum
627 1449 833 1526 retorqueri.-

187 1639 254 1698 243.
297 1639 341 1700 Of.
359 1640 521 1700 Auctorem
537 1640 610 1718 Cup.
628 1642 692 1699 111.
708 1659 734 1699 o.
751 1641 777 1699 8.
793 1649 822 1700 et
836 1659 862 1699 a.
878 1640 905 1700 9.
921 1659 975 1699 uec
989 1658 1048 1698 nou
1064 1657 1091 1697 n.
1112 1636 1179 1706 220,
1196 1633 1246 1695 ubi

147 1735 332 1796 Inductionis
347 1735 425 1815 leges
439 1736 577 1796 invenies.

542 2027 790 2089 ARTICULUS
813 2027 850 2088 V.

475 2207 546 2282 'nu
568 2239 699 2282 emonis
721 2239 761 2281 nr
783 2239 891 2282 nonis.

188 2414 232 2476 Ut
245 2414 417 2494 Syllogismi
440 2407 610 2494 utque'ideo
635 2413 797 2474 Ratiocinii
820 2414 961 2492 anolyoim
983 2413 1183 2484 absolvamus
1197 2433 1247 2472 ex·

147 2511 287 2590 plicando
312 2522 445 2572 remanet
470 2511 673 2591 pulcherrima
697 2523 726 2572 st
751 2532 915 2591 numquam
940 2513 1012 2574 satis
1037 2512 1187 2574 celebrata
1212 2533 1247 2572 uc

146 2610 244 2670 denuo
258 2609 436 2670 celebrando
457 2609 603 2682 doctrina,
618 2629 708 2688 quom
733 2609 932 2688 Philosophus
954 2609 1080 2670 tradidit
1093 2609 1131 2670 de
1144 2609 1247 2688 liguris

147 2717 177 2767 et
201 2706 296 2767 modis
318 2706 500 2786 Syllogismi,
515 2706 611 2766 Prior.
638 2706 870 2786 Analyticorum
893 2707 929 2767 L.
947 2710 972 2768 1.
988 2729 1029 2768 cc.
1045 2708 1072 2767 6.
1087 2727 1165 2785 seqq.
1208 2705 1246 2766 ln

146 2805 203 2864 huc
218 2805 306 2876 enim,
321 2804 405 2884 quusi
421 2805 579 2864 uniuemoli
592 2803 719 2877 utotltesi,
736 2805 793 2877 vel,
808 2815 842 2864 ut
856 2803 908 2864 alii
923 2805 1073 2884 inquiunt,
1086 2803 1248 2864 Ratiocinii

145 2903 274 2980 alpedra,
289 2903 361 2962 scite
376 2903 514 2963 observat
538 2901 734 2982 Leybnitius:
758 2907 824 2963 “urs
846 2903 994 2982 quaedum
1019 2901 1247 2962 infallibilitatis
1322 2965 1325 2972 ,

146 3001 324 3072 continetur,
338 3003 362 3060 si
386 3011 484 3061 tumen
509 3002 574 3080 quis
596 3010 626 3061 et
647 3002 731 3072 sciat,
745 3015 775 3061 et
800 3001 890 3079 possit
913 2999 966 3060 illa
989 3011 1067 3060 recte
1090 2998 1143 3069 uti,
1166 2998 1244 3076 quod
1299 3068 1302 3074 ¹

146 3097 248 3176 utique
275 3117 334 3156 non
356 3117 472 3176 semper
493 3096 590 3157 licet’'
633 3097 734 3158 Fssnis
755 3117 806 3158 sur
829 3097 847 3154 l'
871 3106 930 3157 ont
953 3095 1035 3156 hum.
1061 3095 1081 3156 l.
1105 3095 1132 3156 l.
1148 3117 1171 3154 c.
1199 3097 1244 3155 17.

146 3194 221 3253 mihi
235 3203 334 3254 nutem
351 3192 435 3253 illum
451 3193 567 3272 copiose
581 3193 698 3253 tradere
713 3193 825 3254 volenti
839 3213 875 3252 sc
889 3213 937 3252 ms
951 3192 1132 3254 traditurum
1148 3191 1246 3252 verbis

147 3291 298 3370 pollicenti
323 3303 438 3369 tempus
453 3311 510 3350 non
536 3289 675 3369 suppetit,
690 3309 744 3350 neo
768 3291 862 3362 varic,
876 3289 984 3369 quibus
1005 3289 1181 3362 circumdor,
1197 3291 1247 3349 ud-

141 3389 249 3467 juncta
264 3389 292 3446 i‹l
309 3387 414 3460 fucere,
429 3409 464 3446 sc
479 3387 623 3466 pollicita,
638 3408 697 3466 quo
709 3387 901 3466 promiseram
916 3387 1013 3460 modo,
1024 3397 1173 3465 praestaro
1187 3407 1247 3447 um-

147 3485 226 3564 plius
241 3485 426 3563 permittunt.
470 3483 673 3560 Quamobrem
690 3505 893 3562 quaecumque
908 3484 937 3542 in
954 3483 1010 3543 huc
1034 3504 1064 3542 rc
1077 3484 1152 3544 scitu
1176 3495 1246 3544 suut

146 3581 310 3642 necessaris
326 3581 385 3640 imo
399 3591 428 3641 et
444 3581 538 3650 utilio,
555 3602 615 3660 qus
630 3581 763 3642 niaximu
779 3593 881 3662 potero
896 3580 1043 3640 brevitate
1057 3601 1092 3640 ac
1107 3580 1246 3640 claritate

144 3678 312 3756 expediam.
353 3677 403 3737 sic
423 3678 483 3749 liet,
499 3689 532 3737 ut
547 3698 598 3737 vos
620 3678 649 3736 iu
675 3677 875 3756 pulcherrimo
898 3677 954 3736 huc
968 3676 1104 3736 doctriua
1125 3677 1195 3736 novi
1210 3699 1246 3736 ec

143 3777 239 3855 jejuni
254 3795 311 3836 non
328 3775 481 3846 moneatis,
495 3795 530 3834 uc
546 3775 645 3852 longa,
661 3785 694 3834 ut
709 3787 742 3834 ut
757 3774 844 3846 bonu,
859 3775 999 3834 tractatio
1019 3774 1126 3834 animis
1141 3773 1246 3838 vesun

147 3871 301 3932 thetidium
317 3891 374 3931 non
391 3872 513 3946 ingeret.
556 3869 662 3949 Itaque
1057 3867 1070 3892 ⁸

188 4065 272 4125 Dico
288 4065 516 4144 l.-Sylloyrinni
522 4067 640 4144 fipuroe
652 4073 719 4124 sunl
730 4073 793 4134 tres,
805 4087 926 4146 porimens
937 4069 1047 4143 primu,
1059 4073 1116 4123 lum
1134 4066 1245 4138 diri-cle,

145 4171 203 4220 lum
218 4161 365 4232 indirecte,
379 4160 548 4220 concludere
558 4166 696 4237 potest-
