3138 4956
444 441 490 502 De
516 441 612 502 Tertia
634 441 741 501 Mentis
772 440 954 520 Operatione.
1190 437 1248 500 307

191 637 515 715 Quinta-Quaenam
541 637 697 698 methodus
710 638 751 698 sit
771 637 874 698 utilior
888 637 917 696 in
940 633 1185 714 disputationibus
1202 654 1250 711 pe-

148 737 339 814 rependis.-

192 931 276 991 chn
298 931 517 992 I.-Metlrodus
537 938 576 992 est
590 931 637 992 vel
658 931 822 1009 syrrtletioo,
837 931 885 992 vel
899 931 1053 1009 analytica,
1068 935 1159 1008 prout
1172 947 1252 988 mens

148 1049 169 1088 a
190 1029 418 1088 consideratione
440 1031 582 1107 partium,
604 1029 787 1106 simplicium,
809 1028 1017 1088 nninmsolium
1041 1033 1067 1086 et
1087 1046 1190 1086 causas
1211 1023 1250 1084 ad

147 1124 406 1184 considerationem
419 1124 541 1202 efferim,
551 1125 787 1202 particularium,
801 1126 948 1202 omnpositi
960 1130 986 1182 et
999 1124 1084 1182 totius
1099 1119 1251 1200 procerius

152 1220 201 1280 vel
215 1223 359 1280 trauersum
373 1227 446 1280 tenet
459 1222 563 1279 iter.—

192 1417 261 1476 356.
293 1415 364 1476 ero
391 1417 559 1477 assertionis
586 1416 786 1496 intelligentia
814 1414 1154 1496 paenosa-Anotera,
1176 1412 1252 1490 (aaa
1323 1475 1325 1479 ,

150 1519 242 1587 torre,
256 1535 305 1574 seu
331 1515 477 1588 resolutio)
493 1524 552 1574 est:
575 1513 648 1574 “illa
662 1515 804 1594 operatis,
818 1534 879 1593 qna
893 1521 980 1574 totum
1002 1511 1125 1591 aliquod
1140 1512 1169 1570 in
1184 1529 1265 1570 suas·

146 1617 246 1690 portes
269 1611 496 1688 decomponitur
516 1621 547 1670 et
567 1611 749 1687 mmpositum
773 1612 803 1670 in
828 1611 973 1682 clarente,
996 1609 1105 1688 quibus
1126 1618 1251 1679 constat,

152 1705 339 1766 resolvitur.’'
382 1705 410 1764 Ε
434 1716 539 1766 contra
560 1705 714 1784 Synthesis,
738 1707 954 1778 (aiios-masau
983 1705 1170 1783 conspositio),
1192 1714 1251 1764 est:

150 1801 226 1861 “illa
240 1803 383 1880 operatio,
393 1822 454 1881 qua
464 1809 564 1880 partes
580 1801 726 1862 uniuntur
735 1801 775 1862 ad
790 1809 878 1862 totum
891 1801 1013 1881 aliquod
1024 1801 1251 1873 efflrrmandum,

149 1911 181 1962 et
202 1901 340 1960 dentem
362 1901 392 1960 in
418 1901 533 1962 unitate
555 1903 701 1976 compositi
724 1901 933 1962 reducuntur.'’
974 1901 1024 1962 Sic
1039 1922 1066 1961 v.
1081 1923 1108 1980 g.
1131 1899 1253 1978 quando

152 1997 370 2077 hydrogenium
386 2009 416 2058 et
430 1998 603 2076 exigenium
620 1999 722 2058 misces
732 1998 771 2058 ad
786 2018 895 2077 nquam
908 1995 1133 2068 edomandam,
1143 1994 1253 2073 synttte

149 2095 206 2154 sim
230 2094 363 2172 peragis;
395 2114 463 2154 cum
491 2114 560 2154 vern
584 2113 695 2173 uquam
720 2094 750 2153 in
779 2093 996 2173 hydrogenium
1022 2103 1051 2152 et
1079 2089 1252 2170 exigeniunn

151 2191 351 2268 decomponis,
363 2192 506 2269 analysim
518 2173 651 2251 adiubes.

193 2288 260 2347 357.
302 2287 456 2348 Probatur
468 2287 794 2349 asserti0.-I.-Mens
819 2289 951 2348 humana
965 2308 1018 2368 per
1033 2307 1125 2347 unum
1140 2285 1253 2364 simpli·

152 2403 219 2444 cern
242 2393 417 2463 conceptum
442 2405 500 2445 non
516 2385 647 2465 concipit
669 2384 836 2466 adaequati,
852 2407 905 2445 nec
919 2386 1060 2446 exhaurit
1082 2385 1213 2452 distincte
1226 2393 1256 2444 et

155 2480 231 2539 clare
246 2500 306 2539 rem
323 2493 507 2559 conceptam,
519 2482 772 2561 quemadmodum
788 2483 904 2543 lucium
919 2482 1000 2542 Deus
1014 2491 1044 2542 et
1059 2481 1180 2560 Angeli,
1194 2481 1254 2552 sed,

156 2587 312 2656 postquam
330 2577 413 2637 illam
430 2579 554 2638 confusa
566 2578 698 2657 quodam
714 2591 744 2639 et
766 2579 997 2639 indeterminata
1021 2578 1134 2639 ratione
1148 2597 1254 2656 cogne

153 2674 239 2746 verit,
254 2694 404 2734 necessum
429 2674 530 2747 habet,
545 2685 579 2736 ut
601 2675 715 2736 iteratis
737 2675 854 2736 actibus
868 2675 906 2736 nd
929 2676 1062 2754 singulas
1075 2677 1138 2755 ejus
1159 2685 1254 2748 nouts,

150 2789 228 2849 quae
241 2770 334 2830 veluti
350 2781 448 2848 partes
461 2772 492 2830 in
508 2773 600 2851 ipsius
613 2772 860 2851 comprehensione
871 2773 919 2832 vel
934 2776 1093 2832 emensiorm
1104 2773 1254 2832 continen-

153 2878 212 2939 tur,
227 2867 457 2928 cnnsiderandas
477 2869 609 2941 accedat,
624 2869 728 2948 hisque
740 2871 904 2931 successive
917 2881 947 2930 et
968 2869 1146 2948 pedetentim
1169 2867 1253 2928 intel·

152 2967 247 3039 lectis,
261 2967 433 3027 distinctam
458 2967 499 3026 rei
514 2968 713 3047 cognitionem
736 2967 1041 3048 assequetur-Hine
1055 2967 1098 3040 fis,
1114 2976 1147 3027 ut
1161 2986 1252 3038 mens,

152 3065 181 3122 in
197 3062 261 3122 dati
282 3063 410 3142 alicujus
423 3063 531 3142 objecti
546 3065 782 3124 consideratione
802 3064 914 3144 duplici
930 3064 981 3125 via
996 3065 1127 3124 insistere
1149 3072 1252 3142 potest.

153 3159 410 3238 Prima-potest
432 3161 562 3239 incipere
574 3161 602 3220 'n
624 3161 860 3223 consideratione
882 3161 1005 3223 contrusa
1032 3161 1113 3220 illins
1135 3161 1251 3240 objecti,

150 3257 233 3336 quod
255 3277 308 3337 per
322 3259 444 3318 modurn
460 3258 588 3338 alicujus
602 3261 695 3332 totitas,
712 3260 758 3320 vel
773 3263 926 3340 cataponti,
941 3261 1079 3340 primitus
1100 3261 1156 3339 ipsi
1170 3261 1252 3320 exbi-

152 3355 249 3429 betnr,
261 3367 408 3434 quatenus
421 3377 468 3417 se:
485 3377 567 3418 mens
580 3359 733 3436 cognoscit
745 3360 870 3438 aliquid,
881 3360 912 3420 in
926 3380 986 3439 quo
1000 3359 1089 3439 plura
1102 3360 1252 3420 continen-

153 3463 220 3525 tur;
241 3453 304 3512 sine
319 3453 384 3525 hoe,
398 3454 478 3532 quod
501 3453 616 3515 habeat
631 3459 787 3534 propriam
801 3457 938 3516 notitiam
961 3457 1192 3536 uniuscujusque
1206 3477 1252 3517 en·

151 3571 217 3611 runi
232 3562 263 3610 et
284 3560 385 3630 postea
409 3550 484 3610 illud
501 3551 531 3609 in
552 3559 652 3630 partes
666 3553 713 3613 vel
736 3555 880 3626 elementa,
895 3555 1003 3633 quibus
1025 3567 1149 3628 constat,
1165 3555 1251 3615 rosol-

155 3647 260 3719 vendo,
271 3647 309 3707 ad
322 3647 376 3707 bns
387 3657 494 3726 partes,
504 3647 551 3709 vel
563 3648 709 3709 elementa
720 3649 934 3711 consideranda
942 3652 1092 3730 gradatim
1104 3653 1252 3726 accedere,

150 3741 246 3802 donec
271 3743 310 3802 ad
333 3743 441 3803 ultima
464 3742 612 3804 clementa
635 3765 694 3803 nnn
717 3745 841 3806 ulterius
867 3747 1038 3808 resolubilis
1062 3748 1252 3810 deveniat.-

149 3837 522 3918 Secundoz-potestmens
533 3861 552 3900 a
561 3841 787 3920 simplicissimis
797 3842 903 3922 objecti
916 3845 1052 3923 partibus
1062 3857 1092 3906 et
1100 3846 1253 3907 elementis

149 3935 373 3996 considerandis
397 3937 515 3998 initium
538 3957 663 4010 sumere,
677 3949 707 3998 et
721 3939 761 3999 nb
783 3939 819 3998 iis
833 3941 872 4000 ad
895 3943 990 4020 magis
1011 3943 1260 4022 composita-,per¹

150 4033 294 4110 quosdam
308 4033 401 4094 veluti
412 4035 525 4112 gradus
536 4035 703 4113 procedere,
712 4036 805 4096 donee
816 4037 964 4116 objectum
977 4051 1072 4100 toturn
1083 4041 1252 4118 cognitione

150 4127 455 4206 complectatur-ln
471 4131 562 4210 priori
577 4151 646 4191 casu
663 4153 744 4191 niens
758 4135 878 4207 resoluit,
890 4135 920 4195 in
937 4137 1089 4215 posteriori
1101 4141 1251 4216 componit,

150 4227 180 4285 in
198 4225 252 4285 illo
267 4226 430 4305 Analysim,
453 4228 482 4287 in
507 4229 562 4290 isto
584 4229 744 4308 &aiamim
768 4243 893 4293 exercet.
936 4232 993 4293 Est
1014 4255 1084 4314 crgo
1106 4235 1250 4316 analysis:

147 4321 328 4399 “processus,
352 4343 411 4403 qno
435 4345 517 4384 mens
539 4345 557 4384 a
581 4332 635 4386 toto
649 4326 688 4386 sd
707 4334 816 4405 partes,
837 4350 856 4388 n
880 4334 1030 4410 composito
1052 4333 1091 4394 ad
1114 4325 1251 4395 ekmenta
