3138 4956
447 423 494 483 Da
520 424 615 484 Tertia
637 422 745 482 Manat
771 421 951 499 Operatione.
1188 419 1247 476 289

184 617 252 675 338.
293 615 630 692 (mortarium-Ergo
647 615 772 674 scientia
785 623 829 673 est
842 613 1058 684 uniuersalium,
1073 633 1131 672 non
1146 621 1246 672 autem

143 713 353 788 singularium.
396 713 554 794 ijcctum
586 713 664 772 cuim
696 710 836 771 scientiae
862 710 950 769 debet
971 730 1030 769 essc
1058 711 1247 768 scacarium

147 826 176 870 ct
191 813 388 872 rinmutuln‘la:
410 812 488 872 bano
500 825 602 872 autem
618 811 820 871 necessitatem
835 821 864 868 et
887 806 1163 867 immutabilitatem
1187 825 1246 864 non

149 908 239 968 babet
264 908 320 968 nisi
345 910 465 967 essentia
487 901 753 986 rerum‚quatenns
774 905 915 964 abstractu
928 914 973 963 ast
994 926 1013 962 a
1027 901 1248 962 venditionibus
1321 905 1323 908 ’

145 1003 425 1064 individuantibus:
460 1004 581 1063 mutim
605 1013 704 1063 nutem
729 1004 769 1061 sic
797 1001 935 1060 abstractu
962 1000 1116 1060 constituit
1134 1003 1246 1058 arrives·-

145 1103 212 1160 snlc.
255 1101 339 1180 Ergo
360 1102 522 1160 universale
535 1111 578 1160 cst
592 1100 728 1180 objectum
749 1100 892 1170 martiae,
907 1097 1058 1176 singulare
1073 1108 1171 1157 autam
1188 1116 1246 1155 non

147 1199 226 1256 itcrn.
269 1197 348 1257 Nam
378 1198 530 1276 singulare
555 1197 733 1274 (dummodo
760 1196 858 1256 Deum
889 1196 1045 1274 Optimum
1075 1195 1247 1254 Maximum

145 1297 287 1374 excipias,
303 1297 375 1372 Qui,
390 1317 457 1356 cum
472 1297 511 1357 sit
526 1297 589 1356 Ena
600 1317 663 1368 uae,
677 1294 872 1355 immutabilis
883 1313 919 1354 ac
933 1295 1112 1354 necessarius
1126 1305 1169 1353 ist
1183 1303 1246 1352 tum

147 1392 245 1469 quoad
263 1397 420 1464 ementium
435 1403 499 1454 tum
514 1395 613 1472 quoad
628 1397 814 1464 abbaticio,
829 1413 905 1471 quae
920 1413 988 1452 cum
1010 1392 1102 1470 ipsius
1122 1391 1247 1451 essentia

149 1489 239 1566 plane
253 1489 467 1567 identificatur)
478 1511 539 1569 qua
553 1492 617 1562 tale,
633 1511 685 1551 noc
697 1491 899 1550 necessitatem
908 1511 962 1550 nac
973 1489 1247 1548 immutabilitatem

148 1585 314 1662 praesefert
356 1586 402 1646 Of.
423 1585 453 1648 S.
475 1586 530 1646 Th.
545 1589 588 1664 (l.
612 1586 690 1646 Post.
707 1586 758 1646 lec.
777 1587 949 1662 lot—item
963 1585 1021 1663 Op.
1036 1587 1084 1643 44.
1100 1585 1153 1660 (de
1172 1582 1247 1662 Syll.

148 1681 235 1741 Dcm.
251 1702 315 1760 cap.
331 1683 373 1760 7.)

187 1779 254 1838 339.
297 1779 449 1840 Probatur
463 1798 497 1838 11.
513 1779 674 1858 para-Et
688 1780 784 1858 primo
798 1779 1066 1857 quidem-Actus
1078 1779 1189 1838 sciendi
1205 1790 1249 1838 cst

147 1883 239 1934 niolio
252 1875 373 1952 quidem
396 1877 526 1946 rationis,
542 1897 635 1954 quoa
656 1876 810 1954 principiis
833 1895 885 1953 per
898 1897 928 1934 se
943 1875 1072 1935 notisad
1088 1875 1250 1936 conclusio·

150 1996 216 2033 nem
232 1977 324 2052 (quae
345 1985 389 2035 est
413 1983 491 2035 actus
504 1975 615 2036 wiredi
636 1975 801 2053 objectum)
819 1975 997 2052 proceditur.
1041 1975 1138 2052 Atqui
1152 1976 1248 2034 omnis

146 2082 246 2130 motus
261 2072 440 2150 apemflaclur
453 2093 473 2132 a
487 2073 624 2143 termino,
636 2081 725 2151 prout
739 2072 896 2149 respondet
908 2071 999 2131 initio.
1030 2070 1112 2149 Ergo
1122 2080 1153 2130 et
1166 2083 1250 2130 actus

148 2169 260 2228 sciendi
281 2168 469 2246 specificatur
489 2169 528 2229 ab
550 2169 674 2248 objecto,
689 2179 778 2246 prout
800 2169 955 2228 ‹lcrivatur
968 2189 987 2226 a
1004 2167 1165 2246 principiis,
1179 2189 1249 2246 quo·
1271 2177 1277 2185 '

147 2285 214 2322 rum
232 2265 337 2323 lumini
351 2265 459 2326 subest.
1097 2287 1100 2295 '

188 2360 481 2422 Secundo-Omnis
496 2363 626 2440 cognitio
639 2365 758 2440 speciem
772 2362 901 2421 desumit
916 2361 952 2420 at
967 2361 1070 2439 objecto
1084 2363 1216 2438 jormuli,
1232 2361 1249 2420 i.

147 2479 172 2516 e.
188 2455 227 2516 nb
243 2456 296 2516 illa
318 2457 422 2530 forma,
437 2458 484 2518 vel
501 2460 624 2530 ratione,
638 2457 694 2518 sub
708 2477 769 2536 qua
781 2457 931 2536 objectum
954 2458 1110 2517 materiale
1131 2459 1251 2536 attingi·

148 2565 198 2612 tur
213 2555 256 2630 (n.
272 2555 325 2629 6.).
366 2557 462 2633 Atqui
485 2555 608 2615 scicntia
632 2556 828 2634 estcogniu'o.
871 2555 954 2632 Ergo
975 2555 1099 2615 scientia
1120 2555 1251 2616 desumit

144 2650 273 2728 speciem
288 2651 327 2710 ab
341 2651 457 2730 objecto
472 2653 603 2730 formali,
616 2671 666 2712 scu
687 2651 728 2712 ab
741 2650 865 2730 objecto,
881 2659 1020 2730 quotenne
1031 2653 1125 2711 abac
1144 2653 1252 2712 lumini

150 2748 374 2826 principiorum,
390 2750 419 2809 vi
435 2769 562 2827 quorum
578 2749 741 2809 innotescit
785 2749 989 2824 Quamobrem
1007 2749 1111 2808 merito
1125 2751 1154 2809 S.
1170 2748 1248 2808 Doc-

147 2855 195 2902 tor
208 2845 270 2903 ait:
292 2843 395 2904 “Sicut
408 2847 483 2904 ratic
496 2845 633 2922 socrualis
647 2844 773 2904 visibilis
786 2845 915 2904 sumitur
929 2866 948 2902 c
962 2845 1080 2913 lumbis
1096 2866 1148 2924 per
1169 2847 1248 2924 quod

145 2939 228 3000 color
242 2941 381 3012 videtur;
403 2941 446 3001 ita
459 2942 534 3000 ratio
540 2941 677 3020 seniculis
690 2940 801 3000 scibilis
815 2941 1127 3018 accipituraccundum
1137 2945 1248 3020 princi·

141 3039 207 3112 pic,
219 3057 257 3095 ex
273 3036 380 3115 quibus
391 3037 505 3116 aliquid
516 3037 616 3098 suitur.
660 3037 702 3098 Et
715 3038 781 3097 ideo
793 3048 1067 3116 quantumcumque
1078 3040 1138 3098 sint
1146 3039 1249 3117 aliqua

142 3133 261 3194 scibilia
275 3134 388 3208 diuoesu
403 3155 455 3213 per
467 3155 552 3194 suam
574 3134 895 3207 naturam,dun1mcdo
915 3155 968 3211 prr
986 3135 1085 3194 eodan
1095 3139 1249 3214 phocipiu

144 3231 288 3302 sciantur,
303 3231 452 3309 pertinent
466 3231 506 3290 ad
519 3251 609 3290 ciram
618 3233 777 3300 metrum,
787 3230 860 3308 quia
873 3251 932 3290 non
944 3241 1032 3290 erunt
1041 3233 1104 3310 jam
1121 3231 1248 3304 diversa,

148 3329 339 3406 inquantum
363 3326 586 3406 suntecibiliu':
608 3339 678 3388 sunt
699 3327 778 3386 enim
797 3349 853 3405 per
874 3349 927 3386 mur
948 3330 1099 3406 principii
1121 3328 1247 3389 scibilia.

144 3425 232 3484 Sicut
245 3432 328 3503 patet
341 3424 421 3502 quod
433 3444 518 3484 voces
533 3423 683 3484 humanae
693 3423 820 3483 multum
833 3424 974 3482 differunt
983 3425 1146 3484 secundum
1161 3446 1247 3486 suam

146 3527 282 3578 nubrrcm
306 3540 326 3579 a
349 3521 428 3580 sonis
452 3521 684 3580 inanimatorum
711 3541 886 3599 mrporum3
915 3522 964 3580 sed
990 3523 1062 3600 quia
1085 3523 1246 3583 mcirndum

145 3616 246 3676 cadara
257 3619 408 3694 pmnmpic
417 3617 585 3678 attenditur
595 3619 783 3678 commeantia
795 3618 823 3676 in
838 3618 960 3678 vocibus
974 3619 1114 3680 humanis
1126 3632 1155 3680 et
1168 3622 1247 3681 sonis

151 3715 383 3774 inanimatorum
416 3734 584 3794 corporum,
608 3715 708 3775 andern
734 3725 778 3775 ast
800 3719 918 3775 arietatio
944 3717 1077 3786 musicae,
1108 3731 1185 3796 quae
1209 3721 1245 3787 de

148 3811 279 3890 utrisque
294 3812 487 3871 considerat''
526 3813 569 3889 (1.
586 3811 697 3872 Poster.
714 3813 778 3872 lect.
797 3813 835 3886 l.)

193 3909 389 3971 Dices—Sed
404 3911 552 3990 objectum
568 3923 611 3971 ast
625 3912 818 3970 maiescum.

192 4007 576 4086 Responduo.-Objectum
591 4011 624 4066 iu
637 4029 667 4066 se
688 4008 906 4068 consideratum
922 4018 965 4068 cst
986 4011 1088 4088 utiquc
1109 4014 1242 4072 acirim

142 4123 229 4162 cum:
251 4105 307 4164 boc
322 4115 421 4164 tamen
436 4125 495 4164 non
511 4105 644 4183 impedit,
655 4106 812 4182 quominus
825 4107 961 4185 specificat
971 4108 1134 4181 scientiam,
1145 4121 1248 4188 quate-

145 4221 202 4260 nus
215 4201 289 4260 haec
300 4201 430 4279 cognitio
444 4215 495 4262 est.
526 4202 658 4263 Solantia
670 4203 750 4262 enim
765 4203 926 4281 dupliciter
938 4205 1066 4282 spectari
1082 4217 1184 4284 potest,
1198 4229 1246 4268 sc:

146 4304 275 4368 utactus,
290 4308 320 4357 et
335 4308 367 4356 ut
381 4301 524 4376 counitio:
538 4311 582 4360 ast
592 4311 814 4379 namquaactus
829 4303 1053 4380 cognoscitivus.
1091 4306 1246 4380 Quatenus

764 4399 802 4459 3⁷
