3138 4956
312 435 370 496 286
807 441 925 519 Lupiae.

306 631 369 708 fida
378 633 515 712 e—afide
529 635 738 714 quidem,nam
750 637 918 716 actusfidci
928 647 979 697 est:
995 641 1144 698 “asamsus
1153 638 1256 698 mentis
1269 639 1320 708 rei,
1333 659 1431 716 qaam

313 731 376 808 para
386 751 445 789 non
456 732 540 803 eiciat,
549 733 607 804 aad,
615 739 735 811 propter
743 736 937 792 auctoritatem
946 735 1065 792 alteriue
1074 755 1136 794 eam
1146 736 1281 804 nectarco,
1289 733 1382 792 credit
1393 733 1427 802 ,·”

313 826 516 902 quamobrem,
532 829 649 888 tametsi
665 829 756 908 possit
769 849 830 888 esse
844 836 935 888 certam
949 829 1009 888 imo
1023 829 1063 906 (si
1079 829 1116 888 de
1129 829 1187 889 fide
1202 829 1306 890 divina
1319 850 1428 888 sermo

314 924 371 1000 ast)
386 926 425 984 sit
446 925 483 985 de
504 925 584 985 sacto
598 929 776 998 certissumus,
792 936 835 986 est
856 939 954 986 tamen
977 926 1014 986 de
1035 947 1066 986 re
1087 927 1246 986 incantanti
1257 926 1344 986 :-ab
1360 929 1430 1004 api-

314 1023 400 1080 niane
415 1042 503 1094 vero;
528 1023 600 1101 quin
614 1024 734 1100 apinia;
756 1029 813 1083 “eat
833 1024 1033 1084 intellectualia
1053 1045 1190 1096 asseriano,
1206 1025 1257 1104 qni
1270 1025 1425 1103 sectarim

313 1118 431 1176 alteram
455 1119 689 1178 contradictionis
711 1127 822 1197 partem
844 1141 907 1178 cirin
922 1120 1083 1197 formidine
1108 1121 1254 1190 altorirm,”
1268 1135 1297 1180 et
1318 1141 1427 1180 cainae-

313 1225 437 1291 quentcr
450 1216 672 1276 immobilitatem
687 1217 892 1296 etfirmitatem
906 1216 990 1276 illam
1007 1238 1065 1276 riou
1081 1217 1180 1288 habet,
1195 1239 1272 1297 quae
1287 1239 1428 1277 accensa-

315 1313 356 1374 rio
367 1314 605 1392 requirunturad
617 1335 767 1374 assensum
780 1323 883 1374 certam
897 1314 1156 1374 hubaudum—cb
1169 1336 1266 1374 errore
1276 1314 1402 1373 demum
1418 1337 1425 1372 :

313 1410 384 1488 quia
398 1431 480 1470 error
493 1421 537 1470 est
549 1433 554 1469 :
571 1415 719 1472 “ansermm
729 1415 838 1482 mentia,
850 1433 904 1491 mm
916 1411 1094 1490 dijiomninm
1105 1412 1327 1488 conformitatem
1338 1411 1425 1489 affir-

313 1515 379 1581 mat,
389 1508 435 1568 vel
447 1509 671 1586 consmmitatem
685 1529 791 1580 aarum,
806 1530 879 1588 quac
892 1516 959 1568 aunt
972 1509 1138 1586 conformia,
1152 1515 1239 1584 nepot
1248 1507 1276 1576 ,·'’
1290 1505 1425 1584 proinde

307 1605 417 1682 jairum
434 1605 583 1683 judicium
598 1626 714 1684 semper
728 1607 890 1685 importat;
911 1616 944 1665 at
957 1605 1071 1665 talsitas
1086 1605 1190 1683 nequit
1204 1625 1336 1682 uuquam
1352 1623 1426 1660 cum

314 1701 455 1760 midcntia
469 1701 585 1772 sociari,
598 1722 692 1780 nequa
702 1701 901 1761 omtitudinem
911 1705 1033 1780 proprie
1044 1701 1150 1760 dictam
1164 1700 1195 1772 in
1208 1713 1304 1760 moute
1317 1699 1428 1778 progi-

314 1797 528 1878 gnere-Item
552 1799 662 1859 sciendi
677 1810 762 1858 actus
783 1819 842 1858 non
856 1799 1045 1876 apprehensio
1058 1799 1185 1876 ,ar'rnplea
1206 1811 1265 1857 cst:
1280 1797 1353 1874 quia
1368 1815 1439 1875 ap··

314 1895 500 1974 prehensioni
515 1905 573 1954 tres
588 1895 721 1954 recensiti
736 1895 921 1954 characteres
938 1897 1059 1972 proprie
1074 1913 1132 1952 non
1146 1893 1345 1960 conveniunt:
1367 1895 1428 1952 sed

306 1991 455 2070 judicium
470 1991 627 2068 importat:
639 1990 798 2068 judicium,
809 1990 944 2068 inquam,
954 1989 1043 2068 quod,
1055 2011 1121 2050 etim
1135 1991 1285 2048 circorum
1298 1989 1430 2048 eviden-

316 2097 374 2145 tem
387 2097 532 2158 vomatur,
541 2085 660 2145 firmum
672 2107 708 2147 ac
719 2097 832 2148 certum
844 2099 894 2147 est.
911 2087 973 2147 Hic
985 2108 1073 2167 porro
1083 2087 1194 2148 sciendi
1206 2097 1289 2147 actus
1300 2087 1430 2165 saepius

317 2183 456 2262 repetitus
478 2182 608 2243 tabitam
631 2183 755 2256 inducit,
770 2184 946 2244 facilitatem
973 2184 1124 2254 nimirum,
1148 2205 1225 2263 quaa
1249 2185 1286 2242 ad
1311 2195 1425 2244 actum

316 2279 570 2358 reproduccndum
587 2281 720 2342 inclinat

358 2377 442 2438 11.-
449 2361 597 2457 Oirjectam
611 2378 700 2458 hujus
714 2389 798 2439 actus
812 2391 855 2440 ost
870 2381 1041 2459 propositio,
1059 2380 1104 2440 vol
1123 2380 1271 2459 judicium
1287 2380 1428 2457 objectiva

290 2484 490 2552 ‚spectatum
518 2485 664 2553 quatenus
691 2495 738 2535 sc:
760 2489 804 2536 est
826 2478 971 2536 connexio
995 2476 1117 2556 subjecti
1144 2497 1211 2536 cum
1236 2476 1427 2554 praedicato,

315 2592 404 2650 «guam
416 2572 536 2650 quidem
548 2573 762 2633 connexionem
776 2583 888 2633 veteres
899 2573 1082 2634 enunciatile
1093 2573 1204 2633 dicunt.
1235 2571 1303 2631 Hoc
1313 2583 1425 2632 autem

315 2668 503 2728 ormnciabile
527 2669 615 2728 debet
638 2689 699 2728 esse
726 2672 927 2742 necessariam,
953 2671 1124 2730 necessitate
1149 2669 1196 2729 vel
1225 2668 1354 2729 ‹rbaoluta
1379 2689 1425 2729 ex

318 2785 415 2824 rerum
430 2765 561 2824 maentiis
576 2765 811 2843 emergente,ch
826 2766 931 2830 saitem
947 2765 1124 2844 hypothetica
1134 2786 1171 2825 ex
1187 2763 1356 2825 constantia
1369 2785 1426 2826 sc:

324 2861 421 2940 iegum
438 2861 633 2933 naturalium,
647 2862 695 2922 vel
711 2863 870 2922 moralium
886 2863 1067 2923 dimanante.
1115 2863 1158 2939 (n.
1175 2862 1256 2938 168.)

357 2958 548 3018 Ille-Ratio
570 2959 702 3032 demum,
721 2979 778 3038 per
800 2981 883 3039 pamm
909 2959 964 3019 hoc
986 2958 1134 3038 objectum
1159 2959 1358 3037 cognoscitur,
1373 2969 1424 3018 oet

316 3079 402 3116 aaran
416 3057 508 3134 ipsium
517 3059 651 3134 prcmria,
666 3076 772 3134 nempe
793 3058 868 3116 ratio
883 3056 1040 3134 autolopica
1056 3055 1085 3114 in
1100 3053 1205 3114 ordine
1219 3060 1282 3113 tum
1298 3055 1423 3112 existen·

315 3155 381 3226 tiae,
406 3163 469 3214 tum
498 3153 656 3232 praecipue
683 3153 819 3212 essentiae
843 3156 909 3230 (nn.
933 3153 999 3212 307.
1027 3150 1111 3228 seq.)‚
1135 3171 1228 3228 eaque
1248 3149 1337 3210 debet
1358 3171 1426 3210 ense

311 3251 445 3328 propria,
463 3271 519 3328 per
531 3271 560 3309 ae
573 3259 604 3309 et
616 3249 784 3309 immediata
801 3250 893 3328 juxta
907 3270 950 3321 ea,
965 3269 1044 3327 quae
1059 3249 1101 3324 (n.
1118 3248 1184 3307 314.
1200 3245 1317 3325 etseq.)
1343 3247 1426 3306 dixi-

319 3366 390 3406 mus.
432 3345 636 3422 Quamobrem
662 3345 834 3406 excluditur
855 3367 874 3406 a
897 3347 1012 3406 ratione
1036 3345 1185 3416 scientiae,
1208 3356 1270 3404 tum
1296 3346 1427 3423 quaevis

318 3443 447 3522 cognitio
460 3442 598 3502 historica
611 3456 641 3503 et
662 3445 908 3521 expatiantium
931 3455 994 3503 tum
1019 3443 1126 3503 iterum
1152 3441 1275 3520 quaevis
1289 3442 1427 3520 cognitio

319 3541 417 3600 motivo
432 3539 585 3598 mimmeoo
599 3539 721 3610 innixa;
736 3548 799 3599 tum
816 3540 935 3599 demum
952 3539 1083 3618 cognitio
1097 3536 1249 3617 quaelibet
1260 3535 1308 3597 vol
1324 3540 1426 3598 imme·

316 3635 406 3708 diota,
421 3634 469 3695 vel
484 3633 607 3694 deducta
620 3655 680 3714 qua
694 3635 903 3695 tantummodo
925 3636 1129 3714 cognoscimus
1151 3634 1228 3714 quod
1249 3636 1286 3716 sit
1301 3653 1356 3706 rea,
1370 3637 1422 3694 vel

317 3733 387 3812 qaia
401 3739 447 3792 est.
473 3732 516 3806 (n.
532 3732 615 3804 308.)

358 3825 403 3889 Ut
427 3827 520 3906 igitur
541 3849 600 3887 ram
617 3849 674 3906 per
694 3807 776 3888 aaroni
799 3849 916 3888 masam
936 3848 1159 3907 cognoscamus,
1173 3829 1233 3887 tria
1256 3827 1423 3886 necessario

318 3925 528 4004 requiruntur:
557 3923 658 3984 I.-ut
678 3945 890 4004 cognoscamus
914 3947 1030 3984 caueam
1048 3927 1213 4003 prociarum
1226 3943 1282 3983 our
1303 3942 1350 3984 ros
1363 3923 1423 3995 sit;

319 4019 437 4080 II.-ut
450 4040 662 4099 cognoscamus
683 4021 712 4080 id
729 4020 823 4100 (quod
838 4041 927 4081 causa
942 4021 984 4081 rei
1006 4021 1130 4098 dicitur)
1145 4019 1233 4098 hujus
1246 4022 1291 4079 rai
1304 4003 1423 4078 cumam

318 4137 417 4178 renero
432 4137 497 4190 aare,
512 4117 555 4177 ita
570 4127 603 4177 ut
617 4136 662 4176 res
676 4118 710 4176 in
724 4117 827 4178 ordina
841 4118 996 4196 orttolayico
1010 4117 1049 4177 ab
1065 4117 1119 4177 ilia
1133 4115 1318 4195 dependeat:
1339 4135 1424 4176 secus

318 4215 409 4287 enim,
423 4214 477 4275 etsi
499 4234 619 4274 causam
641 4235 862 4294 cognoscamus,
874 4235 932 4276 non
948 4225 1049 4275 tamen
1071 4214 1278 4292 cognoscimus
1292 4233 1353 4272 rem
1370 4231 1423 4291 par

318 4331 402 4372 anam
425 4331 562 4372 caumm:
584 4310 721 4371 III.-ut
743 4331 954 4390 cognoscamus
976 4309 1056 4387 quod
1079 4331 1134 4382 ros,
1143 4315 1265 4388 propter
1289 4309 1423 4388 hujusce·
