3138 4956
830 435 946 512 Lopico.

500 633 524 690 I
522 632 566 702 lle,
581 633 632 712 qui
644 629 816 709 cupiditales
829 650 898 689 auos
912 649 970 688 uon
985 635 1096 698 coercet,
1110 635 1150 688 est
1164 631 1257 688 miser.

334 729 377 790 Ut
402 729 484 788 vides
512 749 662 807 processus
689 728 843 788 adhibitus
865 727 923 786 fnit
945 727 1124 805 orralplicm:
1155 747 1174 786 a
1197 727 1438 786 consideratione
1548 713 1549 768 ]

333 827 409 885 enim
424 826 549 904 subjecti,
565 845 617 904 per
632 825 710 885 viam
726 825 914 894 resolutionis,
927 824 964 884 ad
975 823 1180 902 praedicatum
1194 824 1323 884 devenit.

373 922 605 1006 hi-Perpendo
628 921 832 1000 praedicatum
848 922 943 992 iniser,
957 932 987 980 et
1011 922 1130 982 invenio
1145 922 1223 981 hunc
1239 933 1340 981 notam
1356 943 1435 981 ‹om-

332 1031 431 1098 potero
452 1019 506 1090 illi,
521 1021 572 1099 qui
585 1021 652 1078 uiuit
672 1022 837 1098 inquietus:
859 1019 1012 1079 considero
1033 1019 1115 1079 hono
1134 1031 1235 1079 uotam
1259 1020 1435 1090 inventam3

300 1182 303 1188 ,
333 1118 446 1196 reperio
461 1116 544 1177 illam
560 1118 718 1178 convenire
733 1117 787 1188 illi,
802 1118 853 1196 qui
866 1117 962 1176 mrdtia
976 1125 1056 1194 apel:
1078 1117 1156 1177 hauc
1172 1116 1298 1176 ulterius
1313 1137 1434 1196 perpen-

333 1213 371 1272 do
382 1223 412 1272 et
427 1213 545 1272 invenio
558 1213 711 1292 proprium
723 1233 784 1272 esse
795 1213 885 1282 illins,
896 1213 947 1291 qui
959 1214 1049 1272 rnnlto
1060 1213 1213 1286 deciderat,
1226 1212 1329 1273 multis
1339 1235 1432 1291 egere

336 1311 378 1370 At
399 1311 522 1389 quinam
543 1321 587 1370 est
608 1310 668 1383 ille,
689 1311 740 1389 qui
763 1310 858 1370 multu
880 1310 1048 1371 desiderat?
1089 1310 1228 1370 Profecto
1249 1310 1328 1370 inter
1348 1311 1433 1380 alios,

333 1406 391 1478 ille,
407 1409 457 1486 qui
477 1406 647 1484 cupiditates
660 1428 729 1466 suaa
748 1428 806 1466 uon
821 1414 932 1478 coercet,
946 1408 1092 1466 desiderio
1117 1418 1234 1467 tenetur
1260 1406 1433 1468 multorum.
1460 1489 1462 1495 Ι

333 1504 495 1576 Concludo,
511 1505 589 1582 qnod
605 1505 783 1583 quaerebam
801 1527 807 1565 :

492 1600 577 1673 “Illc,
592 1603 651 1680 qui,
665 1601 837 1678 cupiditates
849 1622 918 1661 mum
937 1623 997 1662 noo
1010 1609 1122 1674 coercet,
1136 1609 1175 1661 cat
1188 1601 1302 1660 miser.”

333 1699 394 1758 Hic
410 1718 559 1776 processus
573 1709 617 1758 est
630 1697 819 1776 syntlrelicrm:
833 1698 1097 1758 aconsideratione
1106 1698 1186 1758 enim
1198 1696 1431 1770 universaliora,

311 1819 313 1823 ⁷
331 1815 362 1854 sc
372 1818 378 1854 :
389 1795 563 1873 praedicati,
575 1795 613 1853 ad
627 1794 791 1871 adjectum,
807 1816 859 1874 per
873 1795 954 1856 viam
963 1797 1140 1867 collectionis,
1149 1815 1199 1855 sen
1211 1795 1432 1873 compositionis,

332 1892 459 1952 devenit.
920 1907 922 1911 '

372 1987 502 2066 Cognita
511 1998 620 2048 natura
629 1988 782 2067 utriusque
794 1989 935 2060 methodi,
947 1999 1035 2066 prout
1044 1989 1082 2048 ud
1096 1990 1261 2060 veritatem,
1271 1987 1434 2067 qoaejndi-

332 2083 384 2142 ciis
399 2084 576 2156 continetur,
591 2083 812 2154 inveniendam,
827 2083 962 2144 adhiberi
973 2090 1085 2162 poteot;
1109 2085 1234 2144 ulterius
1249 2085 1351 2163 quaeri
1367 2083 1435 2162 qnia
1548 2077 1549 2120 ἕ

333 2191 448 2258 potest,¹
463 2200 610 2258 quaenam
640 2199 677 2239 ex
702 2179 748 2240 his
775 2181 918 2240 aerooudo
945 2183 1024 2240 erill
1066 2181 1229 2260 Responsio
1254 2180 1371 2260 patebit
1391 2201 1430 2240 ex

332 2277 471 2338 dicendis.

372 2471 457 2532 Dico
478 2471 582 2531 III.-
589 2473 726 2548 Quorum
739 2474 773 2531 in
794 2473 1006 2552 quaestionibus
1026 2472 1166 2534 soluendis
1180 2481 1206 2532 ct
1220 2474 1253 2532 in.
1265 2473 1434 2552 propositio

332 2569 418 2630 uibus
431 2569 592 2647 proban-dia
605 2572 662 2628 uice
676 2570 825 2648 orrolulice,
840 2573 897 2629 aive
910 2569 1060 2648 synllrelice
1069 2569 1225 2648 procedere
1237 2573 1389 2648 pessimas,
1402 2575 1434 2628 at

330 2689 363 2726 ea
384 2667 467 2727 dictio
487 2668 593 2746 liquet:
614 2665 803 2726 nihilomiuus
823 2669 856 2725 ‘io
877 2669 1073 2746 qrrneationum
1093 2668 1265 2727 resolutione
1279 2665 1432 2726 llellroduo

331 2765 484 2843 analytica,
505 2765 539 2823 in
561 2763 809 2841 propanismum
830 2783 894 2823 cero
911 2763 1084 2842 probandis,
1098 2762 1263 2842 Synthetiea
1285 2762 1434 2822 methodus

329 2861 391 2932 erit,
406 2866 438 2918 ut
454 2859 627 2937 plurimum,
642 2862 839 2938 opportunior.
888 2861 1080 2938 eronmhrem
1093 2861 1147 2920 illo
1161 2861 1350 2930 lacerationis,
1365 2859 1435 2920 haer

333 2955 489 3016 Doctrinae
503 2954 651 3016 methodus
656 2957 728 3034 jure
742 2965 980 3035 nurrcupolurr

371 3146 505 3208 Assertio
519 3147 594 3207 duaa
608 3147 741 3208 continet
754 3159 862 3227 partes,
877 3169 1004 3227 quorum
1021 3149 1119 3228 prima
1134 3149 1254 3228 respicit
1268 3149 1433 3209 Problema-

330 3254 398 3318 tum,
412 3265 461 3304 seu
480 3245 696 3321 Quaestionum
711 3245 898 3305 solutionem:
912 3247 1042 3307 secunda
1051 3267 1122 3307 vero
1142 3246 1369 3316 Theorernolam,
1380 3266 1431 3306 sen

331 3340 561 3402 Conclusionum
580 3343 787 3420 probationem.

370 3439 437 3498 363.
480 3438 663 3500 Declaratur
676 3438 701 3499 1.
718 3439 897 3500 Assertionis
911 3439 1163 3518 pars-Quando
1178 3440 1356 3520 proponitur
1378 3440 1432 3500 ali·

330 3557 389 3615 qua
403 3536 545 3615 quaestio,
561 3536 608 3596 vel
624 3537 786 3610 Problem,
801 3537 892 3598 datur
906 3557 998 3598 unuin
1014 3548 1216 3598 extrernorunr
1231 3549 1263 3598 et
1275 3538 1432 3618 quaeritur

330 3632 474 3693 alterurn:
507 3653 587 3706 nam,
612 3633 863 3712 quemadmodum
888 3654 979 3714 supra
1008 3635 1178 3696 monuimus
1201 3645 1232 3696 et
1256 3655 1364 3714 perse
1387 3645 1432 3696 est

331 3729 530 3802 manifestum,
543 3731 567 3789 si
588 3737 741 3810 utramque
761 3741 962 3792 extremorum
984 3732 1084 3805 datur,
1098 3732 1232 3811 quaestio
1246 3732 1305 3792 erit
1318 3753 1352 3792 eo
1368 3733 1431 3812 ipso

329 3825 440 3896 aelium·
463 3826 507 3884 siu
537 3835 638 3886 autem
663 3833 798 3886 neutrum
822 3825 918 3900 detur,
943 3827 1076 3906 quaestio
1102 3827 1209 3888 nedum
1236 3839 1433 3907 proponatur,

331 3922 463 4001 profecto
489 3923 653 3999 ipnorotur.
695 3921 746 3981 Ex
774 3924 915 3984 extremis
943 3943 1014 3984 vero
1041 3923 1128 3996 illud,
1155 3924 1237 4003 quod
1264 3925 1430 4004 generatim

330 4018 428 4091 datur,
441 4029 485 4078 est
498 4017 661 4097 ratpodum,
672 4018 749 4078 illud
761 4029 872 4092 antem,
882 4020 962 4098 quod
977 4020 1141 4099 quaeritur,
1151 4029 1195 4081 est
1205 4019 1433 4081 Ruedmtam:

328 4115 404 4176 solet
427 4115 517 4188 euim,
532 4127 566 4176 ut
588 4113 762 4194 plurimum,
776 4117 843 4176 dari
865 4127 1036 4178 concretum
1060 4117 1184 4197 aliquod
1205 4138 1258 4178 ens
1272 4129 1303 4179 et
1324 4119 1430 4198 quaeri

329 4212 431 4292 aliquo
457 4212 548 4292 ipsius
569 4212 744 4291 proprietas,
767 4221 896 4290 quaese
923 4213 1015 4275 habet
1035 4223 1248 4293 consequenter
1272 4215 1312 4276 ad
1337 4214 1426 4286 iliud,

331 4320 364 4370 ut
387 4309 558 4382 uniuersale,
583 4308 631 4368 rel
659 4309 788 4388 simplex,
814 4319 946 4389 respectu
970 4311 1171 4388 particularia,
1196 4309 1244 4372 vel
1273 4313 1433 4391 compositi.
