3358 4952
500 435 547 495 De
575 435 669 495 Tertia
694 435 801 494 Maniai
828 433 1009 512 Operatione.

604 805 766 865 TERTIA
792 805 908 865 PARS.
1006 817 1010 825 ·

477 1023 519 1064 1)ss
533 981 654 1064 TllRTlA
671 1021 791 1062 MENTI&
805 1019 1025 1062 ‹transfrloan

244 1199 311 1258 204.
355 1197 512 1258 Hactenus.
533 1198 689 1268 elementa,
704 1195 812 1274 quibos
835 1194 1038 1254 Ratiocinatio
1052 1203 1177 1264 constat,
1193 1203 1255 1252 tum
1273 1194 1301 1250 ia

196 1316 237 1368 aa,
262 1304 325 1354 tum
355 1293 512 1354 inordina
541 1293 579 1354 ad
609 1292 879 1354 Ratiocinationem
909 1289 1167 1350 consideravimus
1193 1295 1236 1362 (n.
1252 1289 1303 1364 a).

204 1381 311 1452 Restat
335 1412 423 1462 nuile,
448 1401 480 1451 ot
502 1391 595 1470 ipsam
621 1390 902 1458 Ratiocinationem,
917 1388 956 1448 ad
981 1408 1071 1466 quam
1094 1387 1171 1446 duae
1195 1387 1305 1466 priores

201 1487 388 1566 operatione
411 1489 517 1547 mentis
533 1487 719 1557 ordinantur,
735 1486 863 1564 penitius
887 1484 1111 1563 perpendamus.
1153 1483 1304 1562 damage,

204 1584 407 1655 Ratiocinatio,
431 1593 465 1644 ut
490 1585 581 1663 ipsius
606 1605 712 1643 nomeu
738 1583 869 1652 denotat,
893 1582 1062 1655 discurram,
1076 1603 1125 1641 scu
1151 1583 1305 1640 tramitum

202 1681 364 1759 quemdam
391 1683 615 1760 imponetque
638 1701 720 1740 inens
734 1701 771 1740 ex
788 1700 847 1740 urro
867 1681 982 1759 judicio
1008 1680 1037 1738 in
1063 1678 1146 1738 aliud
1162 1678 1304 1757 procedit,

200 1779 283 1856 qrord
297 1799 360 1838 cum
371 1780 469 1857 priori
479 1782 680 1840 corrrctionem
694 1779 785 1850 lioba,
801 1789 891 1858 utque
905 1780 948 1838 ita
962 1799 980 1838 a
993 1779 1117 1838 veritato
1132 1779 1250 1856 cognitu
1265 1779 1303 1838 ad

203 1875 347 1948 veritatis,
374 1897 464 1954 qoam
490 1889 577 1936 antea
608 1876 775 1956 ignorabat,
801 1876 937 1936 notitiam
968 1876 1165 1954 progreditur.
1208 1877 1302 1934 “(lum

201 1971 282 2030 enim
298 1971 467 2032 intellectos
483 1973 640 2042 latroianus,
656 1984 689 2032 ut
703 1973 852 2050 sapienter
865 1971 1017 2048 angelicus
1032 1971 1147 2031 Ductor
1157 1971 1305 2042 olaservat,

201 2075 282 2126 ena
303 2067 338 2126 de
351 2065 487 2146 'potentio
513 2071 540 2127 io
568 2077 670 2139 actura,
684 2067 910 2128 similitudinem
934 2067 1096 2146 quamdam
1121 2067 1213 2127 habet
1237 2088 1304 2127 cum

202 2164 291 2224 rebus
305 2165 535 2242 generabilibus,
551 2185 627 2244 qnae
642 2186 700 2225 non
715 2166 815 2225 statim
840 2165 1048 2243 perfectionem
1072 2185 1154 2224 suam
1182 2165 1304 2238 habent,

202 2261 255 2319 sed
270 2281 337 2320 earn
350 2265 499 2322 camoenae
523 2263 692 2340 acquirunt.
735 2261 778 2322 Et
801 2262 938 2322 similiter
963 2261 1129 2322 intellectus
1155 2263 1305 2322 humanus

204 2378 264 2418 non
287 2359 387 2418 statim
404 2359 435 2418 iu
455 2360 555 2437 primo
570 2359 796 2438 apprclaermioac
819 2360 900 2437 capit
926 2359 1084 2437 perfectam
1101 2361 1141 2419 rei
1165 2361 1306 2436 cognitio-

205 2476 291 2526 nern;
313 2455 363 2515 sed
387 2457 483 2533 primo
508 2455 706 2535 apprehendit
730 2455 844 2534 aliquid
870 2454 906 2514 de
932 2455 1004 2534 ipsa,
1020 2467 1092 2533 pota
1117 2455 1305 2534 poidditotem

205 2551 298 2629 ipsios
319 2553 461 2630 reiquae
486 2563 530 2613 est
550 2554 680 2631 priorum
695 2563 725 2613 et
744 2555 899 2631 propriam
924 2553 1061 2631 objectum
1085 2553 1262 2624 intellectus,
1277 2566 1306 2613 et

205 2646 315 2706 deinde
330 2647 471 2727 intelligit
486 2649 689 2727 proprietates,
705 2659 733 2709 et
748 2648 923 2720 accidentia,
934 2661 963 2709 et
979 2648 1169 2714 habitudines
1183 2650 1306 2710 circum·
1355 2699 1358 2706 .

201 2753 315 2802 stanms
330 2745 371 2803 rei
386 2744 550 2805 essentiam.
594 2745 636 2806 Et
656 2745 819 2806 seeundum
842 2745 897 2806 hoo
913 2765 1026 2806 necasse
1041 2747 1132 2808 habet
1148 2768 1240 2806 unum
1256 2769 1307 2826 ap·

204 2840 383 2930 prehensum
399 2843 451 2928 alii
474 2865 638 2922 rnraporrerc
661 2855 690 2904 et
704 2843 840 2915 dividere,
855 2854 885 2904 et
906 2864 944 2903 ex
969 2864 1029 2904 ona
1051 2845 1263 2922 compositione
1277 2854 1307 2905 et

202 2937 351 2998 divisione
379 2940 418 2998 ad
446 2939 537 3000 aliam
567 2941 741 3019 procedere;
773 2939 852 3018 quod
877 2951 921 3002 est
945 2941 1143 3000 ratiocinari.”
1186 2941 1307 3002 Exinde

203 3033 342 3094 dimanat
356 3035 513 3096 discrimen
529 3036 691 3106 essentiale,
706 3037 785 3114 quod
800 3037 878 3096 inter
891 3035 1074 3122 intellectum
1098 3037 1262 3096 homanum
1278 3051 1307 3098 et

204 3130 375 3210 angelicum
390 3135 435 3209 (et
450 3154 466 3192 o
482 3134 597 3194 fortiori
614 3133 775 3207 Divinum)
792 3133 954 3193 intercedit.

246 3229 337 3301 Nam,
353 3242 386 3291 ut
407 3231 485 3292 idem
499 3233 529 3292 S.
545 3232 659 3292 Ductor
673 3232 813 3292 adnotat:
836 3231 1028 3293 “intellectus
1042 3233 1189 3308 arrpelicru
1203 3243 1232 3292 et
1255 3233 1307 3292 la·-

205 3331 290 3387 m'auo
303 3349 333 3388 se
348 3329 459 3394 habent
481 3329 557 3389 sicut
580 3350 624 3388 rer
647 3329 899 3406 incorruptibiles,
913 3348 989 3406 quae
1011 3330 1106 3388 aaran
1121 3351 1138 3388 a
1160 3329 1306 3407 principio

207 3423 319 3485 liabent
340 3444 424 3485 suam
449 3435 540 3486 totam
564 3427 780 3504 perfectionem.
825 3425 914 3486 Unde
935 3425 1103 3486 intellectus
1116 3429 1264 3504 arapelican
1277 3439 1306 3488 et

208 3519 336 3580 Divinae
356 3522 457 3581 statim
476 3523 599 3600 perfecte
621 3533 715 3582 totam
732 3523 773 3581 rei
796 3521 994 3600 cognitionem
1021 3523 1119 3583 habet
1163 3521 1253 3584 Unde
1275 3525 1304 3583 in

205 3618 410 3696 cogomcendo
431 3617 620 3697 qnidditotou
637 3619 686 3690 rei,
701 3619 852 3696 cognoscit
873 3619 955 3678 dere
976 3619 1063 3678 simol
1087 3621 1232 3698 quidquid
1256 3642 1308 3681 nos

205 3734 382 3793 cognoscere
404 3735 558 3793 possumus
579 3716 792 3794 componendo
807 3726 836 3776 et
857 3716 1027 3788 dividendo,
1043 3727 1072 3777 et
1094 3718 1307 3778 ratiocinando.

206 3811 250 3871 Et
273 3811 338 3871 ideo
364 3812 531 3872 intellectus
545 3813 689 3872 hainmaro
703 3812 853 3889 cognoscit
876 3813 1069 3891 cmnpmraado
1089 3823 1119 3874 et
1144 3813 1309 3888 dividendo,

205 3907 284 3966 sicut
298 3917 328 3966 et
343 3907 550 3968 ratiocinando.
592 3907 767 3969 Intellectus
789 3921 890 3968 autem
905 3907 1066 3969 divinaret
1080 3911 1306 3992 anpcla'cracog·

207 4015 334 4063 noscunt
348 4003 468 4082 quidem
485 4004 736 4083 compositionem,
750 4015 780 4064 et
794 4004 979 4076 divisionem,
993 4017 1023 4064 et
1038 4006 1305 4080 ratiocinationem,

208 4119 267 4158 non
284 4109 383 4159 tameo
398 4099 611 4178 componendo,
626 4110 655 4160 et
669 4098 839 4170 dividendo,
854 4113 884 4159 et·
898 4100 1113 4174 ratiocinando,
1127 4103 1177 4161 sed
1197 4125 1251 4180 per
1266 4106 1310 4163 ia·

204 4195 342 4270 tellectum
359 4195 564 4275 (conceptum)
579 4195 716 4274 simplici«
736 4197 909 4278 quidditatio
924 4199 957 4264 (i.
972 4219 996 4257 e.
1011 4199 1186 4278 simpliciter
1206 4221 1309 4282 appre

208 4291 406 4368 irendcndo.)’'
451 4295 476 4352 1.
491 4315 519 4372 p.
534 4317 561 4372 q.
577 4295 624 4354 85.
640 4315 665 4353 a.
682 4293 796 4354 n-Of.
818 4287 907 4355 etiam
931 4296 957 4354 1.
973 4317 996 4355 c.
1012 4317 1059 4374 qq.
1075 4297 1122 4355 58.
1137 4317 1183 4356 aa.
1199 4299 1225 4359 4.
1242 4300 1310 4360 5.-

205 4409 233 4466 q.
252 4389 297 4448 14.
313 4409 339 4448 a.
355 4391 451 4467 'i-q.
468 4391 514 4450 89.
530 4411 556 4450 a.
576 4391 598 4449 l.
