3172 4950
500 456 547 517 De
568 456 672 516 Primo
686 456 794 516 ,uetus
814 453 994 534 Operatione.
1138 504 1141 508 .
1259 456 1297 514 13

240 647 343 710 Prima
357 648 487 710 est—In
509 650 600 728 priori
621 647 827 722 attributione,
841 667 949 708 noman
964 646 1108 708 tribuitur
1121 647 1297 708 secundario

197 747 363 828 significato
386 749 592 827 metaphoram
613 748 644 808 in
669 747 823 828 posteriori
844 755 946 807 autem
963 747 1172 825 propriatim
1187 745 1247 806 imo
1269 755 1299 806 st

199 845 395 917 maonioliter,
410 865 503 922 quum
517 842 557 904 ab
572 843 732 904 intrinseca
745 843 842 903 forma
855 841 903 903 val
917 851 1027 903 natura
1040 851 1184 903 sumatur.

238 939 376 1001 Secunda
390 939 521 1001 aet—In
544 941 645 1020 priori,
660 939 869 1001 secundarium
883 937 1077 1018 analogatum
1092 937 1231 1019 definitm
1244 959 1299 1018 per

199 1035 383 1115 principale:
399 1056 457 1096 non
473 1037 545 1097 item
559 1037 590 1096 in
605 1035 768 1116 posteriori.

238 1131 340 1193 Tertia
351 1132 471 1194 est-Io
487 1133 589 1212 priori,
600 1153 660 1196 non
670 1133 761 1193 datur
774 1152 851 1192 unus
865 1141 1025 1212 conceptus
1038 1135 1196 1194 eommunis
1209 1136 1298 1193 oratii-

197 1229 250 1289 lnio
263 1230 447 1309 atabyrius,-
468 1251 484 1290 e
498 1240 603 1292 contra
616 1231 647 1291 in
665 1230 819 1310 posteriori
834 1229 925 1290 datur
938 1251 1016 1290 utin
1026 1231 1299 1310 conceptussormn-

197 1326 235 1386 lit
246 1336 276 1386 et
289 1327 439 1406 objteiious
453 1328 496 1404 (n.
513 1327 558 1388 12.
576 1327 638 1405 13.)
653 1326 860 1404 Quamobrem
964 1382 965 1385 ,

239 1421 359 1498 Quarta
372 1421 583 1483 est-Nomen
604 1422 767 1502 analogum
788 1421 879 1502 priori
901 1422 1106 1496 attributione,
1120 1423 1224 1503 nequit
1237 1443 1298 1485 esse

198 1518 323 1580 madium
337 1519 605 1581 denwnstroti'ottit:
626 1519 809 1580 contrarium
824 1539 895 1580 vero
909 1518 1020 1580 accidit
1033 1520 1065 1579 in
1079 1521 1242 1600 postsriori.

237 1613 282 1676 cf.
304 1617 469 1676 Auctorem
483 1635 512 1676 n.
529 1616 575 1678 14.

429 1827 474 1870 DE
487 1827 638 1871 Taburno
651 1827 831 1872 eluentem
847 1827 887 1870 ET
901 1827 1064 1871 COMMUNI.

238 2005 285 2066 25.
327 2004 484 2067 Terminus
494 2007 654 2086 tittpttlttrib
667 2005 719 2066 ille
729 2015 791 2067 set:
816 2001 886 2085 “qui
901 2025 963 2066 rem
978 2005 1168 2067 individuam
1182 2005 1296 2086 signifi·

195 2101 273 2162 cat.''
295 2101 352 2162 Est
365 2112 466 2163 autem
480 2101 695 2164 Indiuiduum:
710 2104 763 2163 “id
774 2103 863 2183 quod,
874 2123 968 2164 unum
980 2103 1103 2182 aliquod
1117 2123 1186 2164 cum
1200 2103 1248 2178 sit,
1263 2105 1294 2164 in

198 2197 335 2278 pluribus
348 2219 409 2260 esse
422 2209 453 2260 et
466 2200 504 2260 de
514 2199 651 2280 pluribus
659 2210 767 2280 suapte
781 2209 894 2261 natura
906 2199 1073 2279 praedicari
1088 2219 1138 2260 seu
1152 2199 1295 2260 affirmari

197 2296 326 2375 nequit'’
368 2296 413 2358 cf.
436 2296 570 2358 Fonsaoa
597 2296 675 2377 Isag.
697 2296 856 2377 Porphyri.
896 2295 1049 2374 Quonim
1070 2316 1142 2357 vero
1163 2296 1297 2357 humana

196 2413 278 2453 mens
299 2393 431 2453 t'ittimom
459 2392 608 2455 individui
629 2403 770 2454 naturam
782 2412 844 2454 non
858 2393 1017 2472 cognoscit,
1031 2391 1159 2465 hinnit,
1173 2401 1208 2453 ut
1221 2392 1297 2453 indi·

196 2487 291 2549 vidua
315 2508 374 2549 non
398 2488 635 2550 discriminemus
659 2487 699 2550 ab
722 2489 861 2563 invicem,
885 2489 942 2549 nisi
966 2509 1020 2568 per
1043 2488 1187 2567 quasdam
1211 2497 1296 2549 notas

195 2587 375 2659 erirituteas,
390 2605 467 2664 quas
481 2585 527 2646 his
540 2584 694 2646 versiculis
708 2585 914 2648 continentur:
1238 2575 1241 2582 ¹

277 2778 413 2852 “Forrto,
429 2777 554 2858 Fipura,
568 2777 671 2852 Meus,
691 2779 819 2858 Tempus,
833 2778 936 2857 Stirpi,
951 2777 1067 2852 Patrio,
1081 2777 1213 2838 Notnen:

297 2875 382 2936 Haeo
394 2895 428 2936 to
442 2883 509 2936 auiti
522 2883 719 2956 septetum
732 2897 792 2936 nott
805 2875 890 2936 babai
902 2895 980 2936 utitis
994 2882 1020 2936 ai
1033 2875 1132 2936 ober.''

226 3069 384 3130 Terminus
398 3089 470 3130 vero
492 3071 649 3130 mmmumb
670 3079 731 3130 est:
757 3069 827 3148 “qui
840 3089 902 3130 rem
914 3067 1052 3148 pluribus
1065 3067 1205 3150 subjectis
1218 3091 1295 3131 com·

195 3185 316 3240 munem
329 3185 380 3226 seu
395 3165 620 3226 convenientem
634 3163 803 3244 exprimit”
847 3163 926 3225 Dico
938 3164 1093 3244 malpedum
1106 3164 1184 3226 illud
1198 3157 1294 3239 omne,

194 3264 228 3322 in
243 3283 304 3342 quo
318 3263 470 3324 invenitur
485 3261 525 3336 id,
539 3261 619 3342 quod
634 3261 673 3322 de
685 3281 719 3322 eo
733 3262 910 3323 affirmatur.

236 3359 330 3420 Porro
343 3358 459 3439 aliquid
473 3369 569 3438 potest
582 3360 741 3420 convenire
754 3359 900 3439 pluribus,
915 3361 962 3422 vel

235 3455 382 3514 o-sitnttl
394 3455 524 3534 junctis:
546 3465 576 3518 et
599 3467 672 3517 tuno
686 3457 830 3516 terminus
845 3457 876 3517 id
890 3457 1060 3536 exprimens
1083 3457 1239 3518 misticus
1251 3457 1294 3518 di·

195 3550 290 3612 citur:
313 3571 340 3611 v.
355 3572 383 3631 g.
426 3551 595 3625 Exercitus,
611 3551 761 3614 Familia:

236 3647 409 3708 b-teortiin
433 3648 587 3727 impactis:
618 3660 649 3711 et
672 3658 747 3710 tunc
768 3650 913 3710 terminus
937 3649 967 3710 id
989 3648 1160 3729 exprimens
1183 3649 1295 3711 dicitur
1320 3685 1329 3699 -

194 3745 411 3806 Distribuit'inia
453 3743 611 3806 Terminus
625 3755 725 3806 autem
738 3743 950 3806 distributivae
969 3765 1030 3806 esse
1050 3753 1147 3825 potest
1163 3747 1298 3824 portibu-

194 3845 244 3916 ri's,
258 3843 439 3917 unitatatis,
460 3841 726 3917 boamtodnuaiie,
740 3852 830 3922 prout
843 3863 888 3904 res
902 3842 951 3904 vel
971 3843 1182 3923 famaquam
1197 3845 1294 3924 expri-

195 3940 259 4014 mit,
274 3940 414 4001 convenit
437 3939 562 4020 singulis
586 3939 726 4020 subjectis
749 3941 867 4002 univoca
892 3941 968 4020 (sive
991 3939 1090 4002 minus
1112 3943 1175 4004 sive
1198 3942 1294 4023 magis

194 4037 365 4116 aurianam
378 4037 427 4100 vel
442 4047 561 4098 tantum
576 4039 725 4117 conopia
739 4036 880 4117 analogia
901 4057 954 4118 per
968 4038 1159 4100 intrinsecam
1174 4039 1294 4118 partiei-

195 4135 345 4213 pationem
362 4135 483 4196 formae
525 4134 574 4196 Sic
587 4155 616 4196 v.
631 4156 660 4214 g.
675 4135 819 4196 terminus
833 4135 923 4206 borio,
933 4134 1033 4214 quide
1044 4135 1208 4198 individuis
1221 4155 1249 4210 a,
1263 4135 1293 4211 b,

194 4255 219 4305 c,
234 4233 263 4306 d,
279 4279 286 4293 .
301 4279 308 4294 .
324 4279 331 4294 .
346 4253 367 4292 x
381 4232 572 4294 distributive
586 4243 615 4294 et
629 4235 755 4293 univoce
769 4233 961 4312 praedicatur
974 4243 1017 4294 ast
1032 4233 1248 4294 Pottmnlntts:
1263 4246 1292 4296 et

193 4329 337 4390 terminus
346 4329 514 4390 διώιιαηιία
524 4329 576 4408 qui
585 4329 622 4390 de
630 4328 783 4408 speciebus
791 4329 818 4390 a'
821 4378 829 4404 ,
841 4327 877 4403 b',
889 4327 914 4390 o'
917 4376 924 4404 ‚
936 4329 971 4390 d'
974 4377 982 4404 ,
997 4377 1004 4390 .
1019 4375 1026 4390 .
1041 4377 1049 4392 .
1063 4350 1086 4390 ιι
1100 4329 1293 4394 distributive

193 4435 224 4486 et
238 4425 362 4487 univoce
382 4425 574 4506 praedicatur
587 4436 631 4487 est
652 4425 845 4488 Urtiutriolt's:
866 4426 1011 4488 terminus
1032 4427 1104 4502 Ens,
1124 4429 1176 4508 qui
1195 4429 1294 4492 distri·
