3172 4950
247 369 249 374 ”
329 396 372 460 so
606 347 611 358 ⁵
826 401 948 482 spot,

330 605 358 654 ts
375 597 535 675 praecipuae
550 597 755 658 inveniuntur.
799 597 847 658 De
860 597 1014 660 habitibus
1028 596 1192 660 moralibus
1206 598 1307 677 agitur
1321 597 1351 658 in
1368 597 1441 677 plri-

332 689 466 769 losophia
481 693 596 753 morali.

368 787 501 848 Habitus
513 789 735 852 intellectuales
746 793 899 871 praecipui
911 801 982 853 suot
992 792 1165 864 Intellectus,
1176 793 1246 866 Ars,
1257 792 1441 854 studentis.

334 883 491 955 Gertitudo
511 887 630 964 Opinio,
650 889 848 950 litim-Pet
861 901 961 950 autem
983 889 1231 968 ul-Sopiootio:
1254 889 1442 950 '‘-altissima

332 1001 396 1040 rum
420 1003 518 1042 rerum
539 987 705 1064 cognitio?
727 1008 804 1066 quae
825 989 956 1066 quidem,
969 989 994 1048 si
1017 989 1317 1068 supematuralissit,
1328 990 1347 1049 i.
1362 1010 1386 1049 e.
1402 989 1435 1048 iu

331 1053 389 1137 Dei
413 1078 607 1142 Revelationc
627 1084 765 1157 limdots
774 1086 886 1146 dicitur
912 1085 1088 1164 limbum
1108 1086 1153 1146 siu
1170 1099 1271 1146 autem
1287 1086 1434 1147 naturalis

328 1181 376 1250 sit,
399 1173 601 1256 Metaplryoiso
623 1191 821 1260 ruucupotur.
851 1181 1052 1258 b)-Soionlio
1073 1192 1135 1242 ast:
1157 1182 1308 1261 “cognitio
1329 1203 1430 1242 rerum

332 1298 383 1356 per
397 1299 500 1338 causus
516 1277 672 1338 ultimas:”
694 1299 787 1356 eaque
808 1278 956 1340 diuiditur
970 1279 1001 1338 in
1016 1279 1127 1338 realem
1141 1280 1284 1340 moralem
1299 1290 1329 1339 et
1343 1280 1431 1340 ratio

331 1373 439 1434 nalem
480 1374 528 1434 ut
551 1373 715 1434 Auctorem
739 1373 820 1434 Prol.
834 1373 873 1434 V.
895 1374 1269 1449 ol-hrtettodusdicitur:
1291 1375 1431 1436 “habitus

332 1472 497 1550 primorum
519 1471 753 1550 principiorum'’
771 1482 804 1530 ut
817 1491 871 1531 suo
891 1470 957 1532 loco
970 1471 1198 1550 explicabimus.
1219 1471 1356 1548 dl-Ars
1370 1482 1431 1532 est:

331 1573 431 1630 “recta
454 1569 531 1628 ratio
549 1566 730 1628 factibilium
752 1590 800 1629 sc:
820 1567 942 1630 habitus
964 1569 1094 1628 residens
1118 1569 1148 1628 in
1172 1569 1287 1630 ratione
1308 1586 1435 1648 eamque

334 1665 498 1726 rectificaus
511 1664 551 1724 ad
566 1664 750 1743 operandum
765 1665 796 1724 io
812 1665 938 1725 materia
948 1665 1099 1725 externa.'’
1122 1664 1358 1740 o)-Pt·uderrtrir
1372 1677 1437 1733 ests

332 1766 432 1822 “recta
457 1761 534 1822 ratio
556 1761 743 1840 agibilium.''
765 1761 1001 1839 s)—0ertitudo
1022 1772 1081 1822 est:
1104 1761 1249 1823 “firmitus
1270 1763 1433 1824 assensus.”

331 1859 520 1936 pol-Opinio
530 1858 831 1920 est;“iotollectualis
842 1879 974 1920 assensus
983 1859 1035 1918 uni
1046 1859 1344 1934 contradictoriorum
1355 1861 1434 1939 parti

332 1977 398 2016 cum
422 1955 581 2016 formidine
595 1955 632 2014 de
646 1956 783 2034 opposito
791 1955 817 2026 ;'’
838 1955 1005 2029 iol-Fides
1017 1965 1077 2016 est:
1099 1961 1252 2017 “assensus
1265 1956 1434 2018 intellectus

332 2053 373 2112 rei
401 2051 508 2124 diotae,
528 2063 650 2132 propter
670 2052 796 2112 dicentis
820 2053 1057 2114 autoritatem?
1100 2052 1144 2112 Hi
1172 2073 1274 2114 omues
1301 2053 1435 2120 habitus,

331 2170 492 2229 eorumque
506 2149 646 2210 interiora
658 2149 716 2210 sub
729 2150 827 2229 pn'ma
846 2151 943 2229 specie
956 2149 1151 2211 collocantur.
1200 2149 1291 2226 Quod
1312 2151 1338 2210 si
1353 2169 1432 2210 unus

334 2247 381 2310 vel
396 2248 473 2308 alter
486 2267 587 2308 eorum
596 2248 686 2324 focile
701 2246 819 2308 mobilis
832 2258 885 2321 est,
896 2247 1049 2327 dispositio
1059 2248 1127 2321 erit,
1136 2267 1195 2308 non
1211 2247 1341 2308 habitus.
1377 2246 1436 2308 De

334 2347 411 2408 tectu
426 2365 556 2424 namque
578 2345 665 2404 unius
678 2345 807 2406 nominis
827 2344 966 2424 generisi,
980 2345 1059 2406 idem
1080 2365 1173 2424 genus
1187 2343 1300 2422 duplici
1315 2345 1437 2406 nomine

333 2442 528 2522 explicamus.

663 2556 709 2599 m:
723 2557 758 2598 ιι.
773 2557 969 2610 qustrrsms
981 2557 1104 2600 susurro.

374 2736 421 2798 77.
464 2733 587 2814 Duplex
609 2733 700 2794 datur
724 2732 908 2812 Principium
933 2754 988 2813 quo
1011 2753 1177 2813 operemur,
1190 2753 1317 2812 quorum
1342 2752 1434 2794 unum

334 2843 378 2892 est
397 2831 565 2910 simpliciter
586 2829 783 2890 necessarium
806 2829 844 2889 ad
867 2829 1062 2910 operandum,
1076 2829 1204 2890 alterum
1226 2849 1297 2890 uero
1310 2829 1349 2888 ad
1365 2829 1435 2888 torre

337 2927 381 2988 vel
398 2928 472 2988 mole
485 2926 670 3006 operandum
685 2925 870 3005 requisitum.
912 2925 994 2986 Pone
1007 2925 1062 2986 tibi
1077 2925 1117 2986 ab
1131 2925 1233 2986 oculos
1247 2925 1390 2986 rusticum
1405 2939 1432 2984 et

335 3025 472 3084 doctum:
495 3035 620 3102 uterque
632 3043 651 3084 a
666 3035 775 3084 natura
798 3023 921 3084 sortitur
945 3023 1138 3102 principium,
1151 3043 1211 3101 quo
1225 3023 1354 3099 proximo
1367 3041 1434 3100 oug-

336 3141 452 3181 uoscere
466 3141 502 3180 uc
516 3121 631 3198 operari
643 3128 748 3198 queat:
769 3130 803 3179 at
813 3119 917 3180 doctus
932 3119 1023 3179 ltabet
1033 3131 1186 3198 praetereo
1197 3129 1300 3178 utnon
1317 3127 1435 3178 tantum

334 3219 499 3296 dormitator
522 3236 696 3294 cognoscere
718 3216 818 3294 possit,
842 3215 893 3276 sed
917 3225 952 3275 ut
975 3216 1046 3275 boue
1069 3226 1098 3276 et
1116 3215 1240 3293 perfecte
1263 3234 1436 3293 cognoscere

337 3315 435 3393 possit.
478 3311 565 3372 Prius
587 3313 698 3372 dicitur
720 3312 872 3382 Potorttio;
895 3312 1039 3391 posterius
1062 3311 1191 3372 Habitus
1207 3313 1251 3370 rel
1269 3311 1436 3388 Dispositio.

230 3419 232 3428 '
261 3431 265 3442 ·
336 3411 424 3472 Prius
438 3421 481 3471 est
495 3431 514 3470 a
529 3421 637 3470 naturu
660 3411 767 3489 cuique
789 3415 976 3481 concessum;
998 3410 1142 3487 posterius
1166 3408 1274 3479 studio,
1289 3407 1433 3466 industrio

336 3529 370 3568 ac
386 3508 488 3568 labore
501 3507 688 3586 acquisitum.
731 3504 819 3565 Prius
829 3525 884 3584 pro
895 3505 976 3564 omni
987 3504 1158 3582 operatione
1168 3517 1212 3562 est
1222 3503 1417 3562 necessarium
1429 3525 1436 3562 :

336 3627 396 3666 oon
410 3607 489 3666 enim
503 3603 685 3683 operabitur,
700 3603 751 3682 qui
766 3603 870 3680 nequit
884 3600 1018 3680 operari;
1040 3599 1184 3678 posterius
1199 3619 1257 3656 oon
1272 3608 1316 3658 est
1329 3597 1437 3674 simpli·
1497 3663 1498 3668 ἵ

215 3739 226 3765 0
333 3705 404 3764 ¹citer
418 3702 614 3762 necessarium
629 3700 666 3760 ad
682 3699 877 3780 operandum,
891 3718 988 3776 usque
1002 3718 1056 3776 pro
1067 3695 1149 3756 omui
1159 3695 1330 3773 operatione
1338 3695 1436 3754 datur.

339 3799 407 3860 Hoc
422 3799 565 3880 posterius
579 3797 617 3857 ad
642 3797 769 3876 primam
785 3794 939 3874 qualitatis
960 3793 1087 3872 speciem
1103 3793 1247 3870 pertinet:
1270 3791 1352 3870 prius
1368 3810 1435 3850 vero

337 3897 415 3958 hano
429 3895 590 3956 secundam
603 3895 730 3973 speciem
745 3892 899 3953 constituit
912 3903 942 3950 et
955 3902 999 3950 est
1014 3889 1059 3950 vel
1076 3890 1209 3950 Potentia
1221 3888 1374 3961 naturalis,
1389 3889 1433 3948 vol

339 3995 483 4054 natur-otis
495 3991 759 4072 *impotentia—Cf.
774 3989 885 4050 Suarez
900 3989 955 4051 (D.
972 3987 1015 4046 M.
1032 3989 1078 4047 42.
1093 4009 1114 4047 s.
1131 3989 1157 4045 t.
1174 4006 1223 4045 no.
1239 3989 1265 4046 l.
1281 3985 1323 4060 8.)

379 4093 450 4170 Qua
465 4091 495 4152 in
510 4111 550 4164 re,
565 4102 600 4150 ut
613 4089 740 4150 adnutat
762 4099 841 4149 recte
854 4087 984 4158 Tolotus,
999 4085 1102 4146 scdulo
1124 4083 1371 4144 considerandum
1395 4096 1437 4142 est

339 4189 487 4270 potentiae
511 4186 737 4268 quadruplicem
760 4206 820 4245 esse
844 4183 972 4262 gradum
999 4181 1044 4242 vul
1071 4181 1205 4259 speciem.
1249 4179 1371 4238 “Primo
1395 4193 1432 4238 est

338 4287 484 4368 quaedam
500 4285 645 4346 naturalis
659 4281 863 4362 promptitudo
877 4279 916 4340 ad
930 4279 1019 4356 ,tacita
1034 4277 1180 4356 operclum
1193 4275 1318 4354 aliquid,
1333 4295 1430 4335 secuu-
