3118 4956
466 423 512 484 De
539 423 635 484 Tertio
656 423 763 484 Mettis
783 423 964 502 Operatione.
1201 425 1256 485 251

161 637 233 696 ergo
246 617 523 678 amatur.”—Licet
536 637 655 697 quoqne
668 640 701 679 en
717 619 845 679 absoluto
862 619 1005 696 positione
1018 640 1121 679 consue
1142 619 1272 678 conclu·

161 715 231 776 dere
245 716 380 774 effectum
396 735 464 788 esse,
480 717 510 774 in
525 735 585 776 esse
602 717 725 795 perfeeto
739 727 793 776 out
807 716 987 794 imperfecto(
1009 737 1113 776 verum
1128 717 1184 776 hoc
1199 737 1257 776 non

161 811 203 884 fit,
220 813 274 872 nisi
297 833 364 872 cum
390 825 638 892 argumentamur
659 837 692 874 ee
714 815 807 875 carreis
829 817 995 875 necessariis
1016 816 1034 875 i.
1049 835 1073 876 e.
1096 816 1259 876 necessario

160 909 315 970 edentibus
339 910 443 970 effectu
466 931 529 984 sua,
555 920 589 971 ut
613 931 650 970 ex
676 911 802 971 materia
826 911 946 970 omuino
970 911 1122 990 disposita,
1144 921 1197 972 aut
1220 931 1258 972 ex

141 995 272 1068 ,caduca
297 1007 476 1086 mortalique
497 1008 594 1068 forma
607 1029 795 1088 quecumque
810 1011 894 1086 (nam
910 1008 940 1067 io
965 1009 1184 1070 immortalibus
1199 1030 1256 1069 oon

161 1104 266 1180 valet),
280 1115 335 1164 aut
348 1124 385 1163 ex
400 1104 578 1182 quibusdam
594 1103 818 1165 efficientibus.’'

198 1198 266 1259 Duo
281 1199 342 1259 aliu
357 1201 558 1278 pronunciata
572 1223 663 1281 supra
673 1203 900 1281 explicavimus.
946 1203 1032 1264 Haec
1043 1217 1144 1265 autem
1156 1215 1259 1265 tumet·

156 1298 180 1355 si
209 1297 246 1356 de
277 1297 472 1358 efficientibus
499 1299 618 1378 proprie
645 1301 713 1372 sint,
737 1310 875 1380 poterunt
902 1309 1003 1362 tamen
1032 1303 1136 1362 ceteris
1164 1303 1259 1362 causis

158 1393 348 1454 accomodari
369 1395 490 1455 nomine
511 1395 588 1468 boni,
603 1396 649 1456 vcl
671 1397 751 1468 moli,
767 1396 850 1476 large
871 1398 1043 1476 usurpando
1058 1419 1116 1458 non
1140 1409 1257 1459 tantum

160 1492 238 1551 bone
254 1491 300 1551 vel
323 1490 404 1552 mala
417 1495 451 1552 in
475 1492 610 1564 morione
624 1493 675 1553 sed
696 1493 786 1553 etiam
809 1493 888 1554 bona
901 1503 932 1554 et
954 1493 1035 1555 mala
1048 1495 1111 1555 sive
1125 1503 1256 1568 nomene,

157 1587 221 1646 sive
234 1589 314 1647 artie.
357 1587 484 1667 Insuper
497 1587 610 1648 adnoto
621 1588 674 1649 ille
688 1590 748 1649 duo
759 1590 975 1668 praenunciata
985 1591 1041 1651 sub
1055 1611 1086 1650 se
1100 1591 1258 1650 innumere
1280 1613 1285 1622 ·
1355 1603 1358 1608 “

157 1684 370 1764 aliaepeeiole'o
395 1687 598 1764 pro-nunciato
618 1685 769 1746 continere
796 1707 824 1747 v.
852 1708 880 1766 g.
906 1707 1031 1765 quorum
1055 1707 1162 1747 musae
1188 1699 1258 1747 sunt

159 1784 306 1855 honestae,
322 1783 416 1858 utiles,
437 1784 591 1865 jucundae
612 1795 667 1846 etc.
690 1785 754 1864 ipse
778 1805 896 1864 quoque
909 1795 990 1846 eunt
1014 1785 1146 1856 honesta,
1162 1784 1257 1856 utilia,

154 1881 291 1956 jucunda
305 1889 359 1940 etc.

199 1978 265 2038 289.
307 1976 571 2056 Tertio-Effeeto
581 1977 732 2051 dicuntur,
743 1999 820 2057 quae
833 1988 904 2039 sunt
917 1989 983 2038 orta
996 1978 1034 2038 de
1048 1999 1147 2050 causa,
1159 1979 1259 2057 itaque

158 2074 282 2134 totidem
310 2095 411 2134 corum
440 2084 510 2134 sunt
543 2094 661 2152 genera,
689 2083 763 2153 quot
790 2095 957 2135 causarum.
1000 2075 1088 2150 Quae
1115 2095 1152 2134 ex
1188 2075 1258 2153 ipsis

156 2180 317 2230 sumuntur
338 2180 516 2249 argumenta
539 2169 606 2248 plus
628 2190 839 2249 saepenumero
863 2171 977 2231 habent
996 2170 1153 2243 efficaciae,
1167 2190 1258 2249 quam

158 2289 235 2347 quae
248 2289 286 2328 ex
301 2270 397 2328 causis
417 2278 579 2339 eruuntur,
600 2279 665 2327 tum
686 2269 757 2346 quia
771 2269 890 2329 effectus
911 2269 1039 2328 notiores
1059 2267 1153 2340 nobis,
1167 2287 1258 2346 quem

159 2385 275 2438 causae,
289 2385 350 2424 esse
363 2363 460 2424 solent
472 2385 478 2436 ;
495 2373 562 2424 tum
578 2365 650 2443 quia
664 2364 782 2450 facilius
796 2363 835 2424 ad
849 2385 966 2424 sensum
984 2374 1164 2425 revocantur
1172 2387 1179 2436 ;
1195 2377 1259 2425 tum

158 2461 230 2540 quia
241 2461 348 2522 rectius
363 2482 400 2521 ex
415 2461 534 2522 effectus
549 2469 702 2533 naturaiet
715 2461 895 2540 perfectione
910 2471 1050 2522 naturam
1063 2475 1092 2522 et
1106 2462 1259 2541 perfectio

159 2579 226 2619 nem
248 2579 355 2619 causae
376 2558 556 2638 colligimus,
578 2579 669 2637 quam
691 2579 707 2618 e
731 2576 883 2619 converso.
925 2558 975 2619 Sic
1000 2579 1028 2618 v.
1049 2579 1077 2637 g.
1104 2560 1259 2637 nequimus

158 2677 196 2716 ex
212 2657 318 2736 quavis
341 2677 432 2717 causa
454 2656 593 2734 colligere
615 2656 751 2716 effectum
766 2676 836 2729 esse,
850 2654 899 2716 vel
922 2656 1020 2727 fuisse,
1035 2665 1109 2734 puta
1122 2677 1160 2716 ex
1184 2655 1258 2726 Deo,

157 2766 343 2826 creaturum3
375 2764 408 2814 at
432 2775 469 2814 ex
498 2774 685 2833 quocumque
709 2754 814 2814 effectu
843 2773 961 2814 causam
991 2753 1094 2831 utique
1121 2751 1260 2831 colligere

160 2872 329 2931 possumus:
352 2853 422 2912 item
438 2873 475 2912 ex
490 2871 596 2911 causae
610 2851 763 2911 efficientis
778 2850 957 2929 perfectione
967 2869 1025 2909 non
1041 2869 1156 2928 semper
1170 2848 1259 2908 datur

160 2949 262 3028 colligi
276 2949 397 3010 effectus
418 2949 577 3029 perfecti0;
598 2957 631 3009 at
644 2969 682 3008 ex
697 2948 816 3008 effectus
831 2947 1010 3026 perfectione
1030 2945 1195 3024 aequalem,
1212 2947 1258 3006 vel

162 3048 304 3126 majorem
318 3067 425 3107 causae
439 3046 649 3125 perfectionem
664 3044 810 3105 deducere
825 3045 928 3124 utique
942 3043 986 3103 fas
1000 3043 1064 3104 erit.

201 3143 301 3222 Hujus
317 3142 373 3204 loci
386 3163 454 3203 ustis
469 3142 582 3207 iisdem.
594 3163 629 3202 ue
640 3163 796 3203 causarum
813 3140 904 3214 locus,
914 3142 1119 3218 pronunciatis
1132 3143 1261 3202 contine-

160 3251 218 3312 tur,
233 3240 288 3300 nisi
303 3238 392 3318 quod,
407 3241 518 3299 inverso
533 3239 644 3311 ordine,
658 3237 736 3298 sumi
750 3237 886 3298 debeant.

650 3431 688 3493 N.
711 3431 768 3492 IV.

362 3627 409 3687 De
424 3627 498 3688 Loco
513 3627 750 3688 Anteceden-tium
766 3634 791 3686 et
813 3625 1057 3707 Ooneequentium.

202 3821 268 3882 290.
311 3821 512 3881 Anteeedentie
525 3830 555 3881 et
574 3820 775 3901 Consequentia
796 3821 915 3880 nomine
929 3820 979 3881 hic
993 3821 1075 3882 venit
1089 3842 1134 3883 res
1148 3825 1260 3902 quaeli-

163 3919 221 3990 bet,
235 3937 312 3997 quae
326 3918 483 3978 mcenorio
497 3917 655 3990 antecedit,
671 3916 717 3978 vel
733 3917 924 3996 consequitur
937 3916 1054 3996 aliquid
1068 3917 1098 3978 in
1114 3921 1259 3998 quaestio

162 4035 199 4075 ne
223 4015 361 4094 positum.
402 4013 452 4075 Sic
474 4035 503 4074 v.
526 4036 554 4093 g.
578 4014 730 4092 proposita
754 4013 811 4073 hac
832 4015 1020 4092 quaestione:
1043 4014 1146 4076 “Sitne
1164 4018 1259 4079 virtus

161 4111 274 4171 homini
299 4110 454 4183 naturalis,
469 4131 523 4171 nec
546 4131 584 4170 ne
593 4110 624 4171 l”
646 4110 756 4189 poteris
780 4109 864 4170 illam
889 4109 1069 4172 affirmative
1092 4111 1206 4174 solvere
1226 4135 1260 4176 en

160 4207 339 4267 antecedente
362 4208 484 4279 nautea,
508 4206 565 4267 hoc
594 4205 698 4266 modo:
720 4205 872 4268 “Justitiu
889 4215 933 4267 est
956 4205 1070 4266 homini
1096 4209 1258 4270 naturalis:

158 4301 291 4382 alioquin
307 4303 371 4364 vita
384 4301 512 4376 socialis,
525 4323 603 4382 quae
615 4304 679 4364 sine
688 4304 808 4384 justitia
818 4304 977 4365 consistere
992 4305 1103 4384 nequit,
1114 4325 1174 4367 non
1185 4320 1259 4370 esset
