3358 4952
525 408 571 471 De
592 407 696 471 Ituna
711 409 819 471 Mentiri
837 409 1017 489 Operatione.
1280 409 1317 474 97

256 603 309 665 Ad
330 605 412 665 hanc
433 605 635 680 definitionem
659 608 827 670 revocanda
849 619 892 668 ast
914 607 977 680 illa,
1000 627 1077 686 quae
1097 607 1231 688 explicat
1255 627 1315 668 rem

212 721 270 779 per
283 702 405 763 modum
420 723 456 764 aa
470 704 625 778 rationem,
640 725 702 784 qua
716 725 760 766 res
775 705 918 784 gignitur,
930 725 1064 784 quaeque
1079 702 1188 766 ideirco
1205 705 1318 767 Geneti-

214 821 249 857 ra
263 798 482 861 denominatur.
525 801 627 880 Hujus
648 802 827 862 definitionis
842 823 911 862 nsua
932 804 1070 882 frequens
1083 812 1127 863 ast
1141 803 1171 862 in
1193 802 1317 864 Geome-

215 897 285 970 tria‚
297 897 450 978 analytica
461 899 655 978 potissimum.
690 898 740 960 Sic
750 900 930 960 describitur
940 900 1085 961 circulus:
1102 901 1216 980 '‘figura
1226 902 1318 982 plana
1344 935 1346 940 ι

216 1013 365 1073 exurgens
379 1014 417 1054 ex
432 1005 514 1055 matu
534 995 633 1055 lineae
647 1007 744 1056 rectae
758 1017 818 1056 sene
833 997 912 1056 circa
926 997 1018 1056 fixam
1033 999 1079 1058 aui
1094 999 1315 1060 extremitatem

215 1089 386 1150 vertentis”

259 1187 310 1247 Ad
324 1189 420 1268 ipsam
434 1209 552 1268 quoqne
567 1201 754 1260 revocantur,
769 1191 886 1252 tametsi
901 1191 999 1251 minus
1020 1193 1147 1272 proprie,
1162 1195 1195 1268 a)
1211 1195 1317 1255 oratin-

218 1305 268 1344 nes
283 1284 362 1356 illae,
378 1285 486 1364 quibus
500 1297 630 1346 oratores
644 1297 674 1347 et
688 1297 791 1366 poetae
807 1287 895 1366 longo
910 1287 1068 1348 verborum
1091 1271 1239 1369 apparatu
1254 1311 1316 1351 rem

216 1401 404 1442 communem
433 1381 607 1462 depingunt.
648 1383 698 1444 sie
725 1384 807 1462 apud
836 1382 970 1444 Tullium
998 1377 1176 1460 describitur
1202 1388 1315 1466 ylario:

217 1479 317 1554 “quae
330 1475 509 1538 brevitatem
526 1478 605 1538 vitae
626 1479 807 1557 posteritatis
821 1480 963 1540 memoria
978 1479 1156 1554 consolatur,
1170 1503 1247 1562 quae
1260 1483 1318 1544 effi·

213 1574 259 1633 cit
272 1583 307 1634 ut
320 1573 455 1635 absentes
469 1574 577 1648 adsint,
589 1576 699 1636 mortui
711 1576 825 1648 vivant,
837 1577 920 1655 cujus
931 1576 1059 1654 denique
1072 1576 1215 1655 gradibus
1225 1579 1314 1638 etiam

216 1671 352 1732 homines
366 1671 397 1732 in
412 1673 526 1734 coelum
542 1673 703 1733 videantur
715 1673 901 1734 ascendera”
943 1673 1002 1734 Pro
1019 1674 1140 1736 Milone
1179 1674 1221 1736 Et
1234 1675 1314 1755 apud

220 1768 394 1848 Virgilium:

417 1867 515 1928 Fama
530 1867 653 1941 malum,
665 1889 724 1947 quo
738 1889 797 1928 nun
813 1869 896 1928 aliud
913 1867 1043 1928 velocius
1058 1867 1153 1928 ullum

418 1963 592 2025 Mobilitate
613 1965 703 2045 viget,
718 1966 855 2044 viresqne
867 1966 998 2044 acquirit
1012 1965 1126 2026 eundo:
1149 2013 1155 2028 .
1171 2013 1177 2027 .
1193 1978 1248 2028 eta.
1264 2011 1270 2028 .
1287 2013 1293 2028 .
1309 2014 1316 2028 .

218 2061 293 2121 Dixi
314 2064 412 2122 minae
427 2063 567 2141 proprie:
589 2062 669 2142 quia,
685 2073 718 2123 ut
739 2063 914 2142 plurimum,
929 2083 987 2122 non
1010 2062 1234 2143 reciprocantur
1247 2083 1314 2124 cum

217 2157 341 2219 definito
354 2168 385 2219 et
405 2158 504 2218 verbis
526 2158 736 2238 metaphoricis
759 2169 905 2232 constant,
919 2179 938 2219 a
952 2159 1069 2238 quibus,
1084 2169 1118 2220 ut
1141 2159 1316 2220 Aristoteles

216 2265 326 2328 monet,
347 2255 378 2314 in
400 2254 568 2316 definiendo
589 2255 737 2316 abstinere
761 2255 1252 2334 debemua-t)-Explicationes
1274 2277 1315 2317 re

216 2371 281 2411 rum
296 2352 494 2430 singular-iam
507 2361 581 2430 puta
596 2351 760 2432 regionum,
773 2352 902 2426 urbium,
913 2353 1077 2432 sylvarum,
1088 2353 1246 2413 fluminum
1261 2363 1316 2416 etc,

216 2451 279 2510 sive
294 2450 408 2524 breves
423 2459 458 2510 ut
470 2450 552 2530 apud
574 2448 773 2529 philosophos,
788 2450 850 2509 sive
872 2449 1028 2529 longiores,
1043 2461 1077 2511 ut
1090 2451 1172 2530 apud
1186 2459 1317 2512 oratores

215 2559 244 2605 et
270 2545 623 2624 poetae-akDemum
659 2545 848 2616 adumbratae
875 2545 1022 2625 quaedam
1052 2556 1081 2606 et
1107 2546 1318 2625 metaphoricae

215 2643 387 2716 locutiones,
400 2642 508 2722 quibus
531 2643 639 2722 passim
663 2653 790 2703 utuntur
813 2642 922 2704 Poetae
946 2663 972 2703 v.
987 2664 1015 2722 g.
1031 2663 1098 2703 cum
1113 2644 1157 2704 ait
1170 2643 1315 2706 Ovidius:

212 2739 339 2813 “Stulte,
350 2739 423 2818 qnid
438 2749 620 2814 estsomnns,
631 2738 748 2818 gelidae
759 2739 815 2798 nisi
830 2739 933 2799 mortis
947 2739 1048 2818 imago
1056 2740 1086 2798 ?”
1107 2749 1138 2800 et
1151 2739 1315 2802 Horatiusr

212 2835 284 2895 “ira
298 2837 381 2895 furor
395 2835 493 2896 brevis
506 2836 577 2896 est”

258 2933 322 2992 125.
365 2931 508 2992 Definitio
533 2934 658 2992 causalis
673 2932 726 2992 illa
750 2943 810 2992 est:
833 2937 928 3012 “quae
952 2953 1011 2992 rem
1036 2953 1087 3012 per
1102 2953 1205 2994 causas
1224 2934 1316 3014 ipsius

212 3031 393 3090 extrinsecas
415 3029 575 3108 explicat”
618 3029 771 3090 Dicuntur
794 3039 894 3091 autem
916 3049 1020 3090 caueae
1039 3031 1212 3090 animatae
1236 3031 1315 3106 illae,

211 3147 291 3207 quae
305 3127 344 3188 ad
366 3127 591 3207 productionem
604 3121 731 3188 ‘effectus
753 3137 935 3188 concurrunt
949 3127 1013 3206 (vel
1035 3137 1189 3208 tamquam
1205 3130 1314 3208 prinei-

212 3225 296 3303 pinm
311 3245 330 3282 a
344 3243 399 3304 qao
412 3223 540 3284 efficitur
554 3244 607 3299 res,
623 3224 670 3284 vel
685 3235 839 3304 tamquam
854 3224 1045 3303 principium,
1059 3225 1144 3304 arrjm
1156 3229 1256 3303 pratia
1271 3245 1316 3286 res

212 3321 255 3392 fit,
270 3321 318 3381 vel
342 3331 495 3399 tamquam
519 3321 700 3408 principium
714 3321 755 3380 ad
777 3321 859 3400 cairo
880 3322 1069 3381 imitationem
1089 3320 1124 3381 fit
1138 3320 1197 3394 res)
1212 3331 1316 3382 tamen

207 3439 266 3480 sua
287 3418 411 3479 entitate
435 3437 494 3478 non
520 3417 706 3478 constituunt
727 3437 799 3489 rem,
823 3427 913 3496 atque
938 3415 1048 3484 ideireo
1072 3425 1153 3477 eane
1176 3417 1314 3478 effectum

210 3526 298 3576 sunt:
322 3515 492 3595 hujusmodi
519 3525 590 3574 sum
614 3534 641 3574 v.
666 3535 693 3592 g.
720 3527 854 3592 respectu
882 3524 1008 3586 statuae,
1037 3514 1159 3574 Artifex
1189 3513 1314 3591 (dicitur

208 3631 300 3672 causa
312 3611 446 3691 apiriam
464 3633 472 3684 ;
487 3611 563 3684 finis,
575 3631 663 3690 quem
674 3611 796 3671 Artifex
808 3611 936 3670 intendit
948 3610 1073 3688 (dicitnr
1083 3631 1173 3670 causa
1179 3611 1316 3704 firmtia)3

206 3709 374 3788 exemplar,
405 3709 486 3788 qnod
513 3707 633 3768 Artifex
669 3707 805 3768 imitatur
840 3707 966 3773 (dicitur
999 3725 1088 3766 causa
1123 3705 1315 3784 eaeruplama),

206 3808 362 3885 Quoniam
391 3805 490 3885 igitur
518 3805 628 3883 triplex
657 3815 701 3864 est
728 3823 817 3863 causa
845 3805 1000 3862 catria-tacu
1031 3801 1081 3874 rei,
1104 3811 1316 3879 consequenter

206 3903 353 3977 definitio,
368 3904 405 3964 de
420 3923 480 3982 qua
494 3911 538 3962 eat
551 3921 656 3972 sermo,
672 3901 830 3980 tripliciter
843 3899 907 3959 fieri
922 3909 1025 3978 potest.

251 4001 464 4062 Prima-Per
490 4021 607 4064 auarum
633 3999 816 4078 efflorentem:
844 4017 872 4056 v.
897 4018 924 4074 g.
950 3996 1084 4072 “Anima
1112 3995 1246 4056 humana
1270 4007 1315 4058 eat

207 4099 379 4160 susbstantia
392 4097 556 4158 immediata
569 4117 588 4156 a
602 4095 668 4156 Deo
682 4095 809 4156 creata.'’

250 4195 500 4257 Secundo—Per
515 4215 632 4254 mearam
639 4194 784 4274 finolam:
800 4213 827 4254 u.
842 4213 870 4271 g.
886 4189 1108 4270 “Horologium
1122 4201 1166 4251 est
1179 4190 1320 4252 machina

211 4295 252 4354 ad
267 4294 357 4355 horas
372 4291 549 4354 indicandas
563 4291 761 4352 constructa.”

838 4387 875 4447 13
