3118 4956
828 409 946 487 noym.

832 699 846 772 ᾗ
870 699 929 760 ΙΙΙ.

575 915 579 924 ’
625 910 671 952 ΒΕ
690 910 923 954 ΒΟΡΗῙΒΜΔΊἮΜ
943 911 1134 956 souurlorta

303 1057 306 1064 Ι
372 1085 438 1144 274.
481 1086 633 1161 Quoniam
644 1107 712 1146 aero
721 1089 831 1162 solatio,
844 1099 877 1150 ut
891 1088 935 1149 ait
948 1091 1134 1164 Aristotcles,
1144 1101 1188 1152 est
1200 1092 1265 1152 uitii
1274 1091 1432 1170 suplicata,

331 1202 367 1240 cx
383 1181 438 1252 his,
449 1201 525 1260 quae
536 1182 678 1256 diximus,
690 1183 802 1264 absque
816 1187 909 1246 nimio
920 1186 1023 1246 labore
1036 1187 1269 1266 sophismatibus
1278 1209 1433 1248 occurrere
1538 1187 1539 1250 l

332 1279 456 1356 poteris:
489 1297 590 1339 ornnes
616 1300 747 1360 namque
774 1281 989 1360 sophismatum
1018 1283 1111 1344 nodos
1138 1283 1379 1344 enumeravimus
1400 1293 1430 1342 et

332 1372 558 1451 explicavimus.
601 1376 759 1451 Quaedam
775 1377 906 1438 breviter
918 1378 1108 1458 subjungam.

371 1469 556 1530 Primo—Si
577 1471 761 1550 sophismata
787 1484 908 1552 peccent
928 1475 1017 1534 solius
1037 1477 1175 1536 materiae
1190 1476 1266 1548 adio,
1280 1495 1316 1535 ea
1336 1474 1433 1534 solvffi

333 1565 469 1643 negando
494 1567 695 1645 praemissam,
720 1589 798 1648 quae
823 1569 942 1631 videtur
970 1571 1142 1650 probabilis,
1168 1592 1222 1632 neo
1250 1581 1349 1631 tamen
1379 1581 1431 1630 est

335 1661 446 1722 Eodem
472 1673 560 1743 pacto
575 1665 606 1724 in
620 1665 853 1745 sophismatibus
872 1669 1022 1745 petitionis
1039 1669 1188 1747 principii
1210 1669 1334 1746 negabis
1349 1689 1431 1747 prae·

215 1817 221 1830 ,
333 1759 461 1834 missam,
476 1761 506 1820 in
521 1782 581 1840 qua
595 1763 708 1842 petitur
721 1763 918 1844 Principium.
961 1765 1041 1825 Nam
1055 1765 1080 1826 si
1090 1765 1210 1844 judicas
1223 1763 1331 1824 falsam
1346 1763 1431 1824 illam
1538 1837 1539 1852 1

332 1857 511 1936 quaestionis
525 1869 751 1939 partem,quan1
766 1859 907 1939 Sophiste
917 1861 1092 1921 confirmare
1106 1861 1267 1932 contendit,
1280 1859 1434 1938 haudqua-

332 1975 421 2034 quam
437 1956 596 2018 admittere
610 1957 718 2036 poteris
732 1977 937 2036 quaecumque
951 1957 996 2018 illi
1010 1969 1080 2018 sunt
1094 1958 1269 2038 propinqua.

372 2051 590 2113 Secundo—Si
611 2053 794 2131 sophismata
809 2063 931 2132 peccent
943 2054 1183 2132 multiplicatione
1197 2053 1289 2114 unius
1300 2063 1356 2112 aut
1369 2051 1434 2130 plo-

335 2150 411 2208 rium
428 2169 544 2222 vocum,
560 2148 608 2210 vel
630 2150 874 2229 propositionum,
889 2150 1054 2229 cujusmodi
1069 2161 1139 2212 sunt
1151 2149 1292 2210 fallaciae
1306 2149 1434 2228 aquas

334 2247 463 2318 astionis,
478 2245 715 2324 amphibologiae,
738 2248 956 2326 compositiciam,
971 2247 1129 2318 divisionis,
1152 2253 1291 2318 cesarum,
1313 2244 1432 2305 (listina

334 2343 413 2402 tione
427 2343 517 2402 totius
531 2341 563 2401 in
578 2352 676 2421 partes
689 2363 758 2404 suas
771 2342 918 2416 adhibita,
934 2343 988 2403 illa
1001 2342 1105 2414 solves,
1120 2363 1192 2423 prae
1202 2341 1297 2402 oculis
1311 2341 1431 2410 habens,

334 2458 410 2516 quae
417 2457 509 2516 supra
517 2437 555 2498 de
566 2437 805 2517 Proprietatibus
814 2440 1008 2500 terminorum
1017 2449 1048 2500 et
1056 2439 1094 2500 de
1105 2438 1261 2500 Diuisione
1269 2437 1432 2498 docuimus

373 2533 715 2614 Tertio-Sophismata
723 2557 795 2598 vero
805 2537 936 2616 Fipurua
946 2537 1088 2609 elicitorem,
1097 2536 1271 2608 decideritis,
1283 2535 1434 2595 Didiam

257 2655 258 2660 ’
332 2633 445 2708 pliciter
460 2631 507 2692 vel
521 2651 586 2692 eam
596 2631 705 2704 addita
726 2632 836 2695 Oouaae
850 2654 910 2692 noo
923 2653 1035 2705 caueae,
1055 2632 1265 2712 Consequentia,
1277 2631 1432 2710 negatione

333 2729 569 2807 consequentiae,
583 2729 721 2802 admisso,
734 2729 782 2791 vel
796 2730 968 2790 transmisso
982 2729 1184 2800 antecedente,
1197 2738 1269 2789 sunt
1282 2725 1432 2788 diluenda.

335 2823 815 2904 Habeinsuper,quemadmodum
825 2834 926 2886 monet
934 2824 1144 2904 Philosophus,
1152 2840 1291 2903 paratam
1300 2823 1431 2902 aliquam

334 2921 623 3000 argumentationem
645 2933 748 3001 aperte
762 2921 910 2994 vitiosam,
924 2922 963 2982 ad
980 2942 1071 3001 quam
1087 2920 1180 2982 veluti
1197 2941 1343 2991 normam,
1356 2939 1432 2980 eom-

335 3038 441 3097 parara
456 3018 546 3096 possis
559 3017 743 3097 sophismata
757 3018 923 3080 adversarii
936 3028 1028 3098 atque
1041 3017 1087 3078 illi
1101 3017 1261 3078 assimilari
1277 3037 1431 3097 argumen-

336 3115 487 3186 tationem,
501 3135 591 3193 quarn
615 3115 669 3175 tibi
693 3115 802 3194 ingerit
829 3114 978 3194 Sophista,
998 3115 1136 3187 ostende;
1157 3115 1342 3194 potissimum
1365 3134 1431 3174 cum

334 3213 397 3291 ipse
418 3211 543 3290 aliquid,
557 3212 636 3290 quod
659 3221 763 3272 conha
777 3211 864 3272 illum
879 3212 1010 3291 objicias,
1027 3211 1230 3291 postulaverit
1273 3211 1316 3289 (2.
1331 3210 1432 3270 Elea
1538 3271 1539 3292 ,

336 3309 408 3386 41.).
1538 3331 1539 3340 ¹

376 3405 737 3485 Quarto-Sophismata
765 3409 885 3467 demum
913 3408 1105 3486 ipanrotionis
1132 3407 1250 3480 sahmi,
1278 3407 1432 3486 negatione

335 3501 587 3576 contradictionis,
601 3503 785 3582 sophismata
799 3524 870 3565 vero
883 3504 1016 3583 plurium
1031 3503 1309 3584 interrogationum,
1320 3523 1434 3584 respon·
1538 3523 1539 3554 t

335 3599 416 3660 sione
429 3598 468 3658 ad
482 3598 616 3677 singulas
636 3598 890 3678 interrogationes,
905 3599 1013 3661 eludes
1056 3600 1160 3679 Atque
1179 3599 1254 3661 haec
1268 3600 1305 3660 de
1318 3598 1434 3679 Sophia
1538 3617 1539 3674 l

337 3705 452 3758 matum
466 3705 576 3758 natura
590 3705 620 3757 et
633 3695 780 3758 solutione
793 3696 914 3758 abunde
926 3697 1095 3770 sufficiant;
1116 3696 1196 3776 quod
1210 3697 1235 3757 si
1251 3695 1340 3776 plura
1354 3694 1433 3756 volu·
1538 3695 1539 3698 ’

336 3793 402 3866 eris,
424 3791 470 3853 Gi.
484 3791 514 3853 S.
536 3791 592 3854 Th.
614 3791 670 3872 Op.
693 3793 917 3858 3b-Fonseca
940 3793 1000 3855 Ina.
1023 3793 1105 3854 Dial.
1120 3813 1148 3855 a.
1162 3813 1227 3872 cap
1245 3795 1270 3856 1.
1286 3793 1326 3854 ad
1349 3793 1433 3853 18.-

338 3890 385 3950 De
399 3899 463 3951 arte
477 3889 637 3969 cogitandi.
