3138 4956
840 432 957 510 Inpios

344 629 422 681 ‹mtnn
434 635 486 694 cst,
500 626 687 702 specificatur
697 647 749 704 per
758 647 842 686 suam
854 629 1019 697 entitatem,
1029 646 1091 704 qua
1099 629 1271 684 intrinsecus
1292 624 1446 684 constitui-

344 729 411 778 tur:
433 733 579 797 quatenus
604 743 674 782 vero
698 726 821 800 cognitio
846 733 898 795 est,
922 723 1110 802 specificatur
1133 723 1179 800 ab,
1197 722 1355 800 objectes
1383 741 1443 799 quo

345 816 442 886 lrabet,
458 831 492 878 ut
507 820 579 878 haec
602 821 803 899 potiusquam
829 821 890 880 alia
911 821 949 880 sit
970 822 1102 880 scientie
1146 820 1181 878 ld
1204 832 1306 879 cutem
1333 821 1442 878 minim

343 1029 403 1070 non
419 1012 474 1071 nisi
489 1015 519 1072 in
534 1014 637 1074 ordine
652 1016 689 1074 ad
704 1035 790 1074 suum
806 1016 961 1094 cxcrnplar
975 1014 1102 1092 intelligi
1119 1027 1222 1093 potest.

385 1108 451 1169 340.
495 1109 645 1171 Probatur
675 1130 721 1172 111.
751 1111 955 1190 pars-Finis
982 1112 1160 1190 cognitionis
1184 1132 1245 1170 esse
1270 1121 1367 1190 potest
1395 1112 1440 1168 uel
1543 1165 1544 1185 ,

344 1224 422 1262 meru
450 1208 576 1265 cerione
602 1209 807 1286 contemplatio,
832 1219 861 1267 et
885 1208 927 1267 sic
951 1209 1082 1285 cognitio
1106 1208 1280 1284 npeculolioo
1304 1219 1366 1277 est;
1397 1207 1442 1264 vel

346 1303 482 1376 operatio,
510 1313 657 1381 quatenus
684 1327 730 1365 sc:
768 1326 849 1365 mens
878 1317 1033 1384 postquam
1062 1305 1210 1384 objectum
1238 1305 1444 1383 contemplata
1543 1287 1544 1324 ³

344 1399 488 1472 fueritin
503 1421 538 1460 ca
552 1404 802 1482 contemplatione
817 1425 875 1464 non
890 1405 1092 1483 quiescatssd
1108 1405 1229 1464 merim
1242 1426 1272 1464 ue
1280 1413 1445 1482 pronwocat
1543 1389 1544 1424 l

345 1497 383 1556 ad
398 1499 646 1558 considerandum
671 1513 845 1578 respectum,
859 1501 915 1560 sub
930 1521 989 1579 quo
1013 1501 1162 1580 objectum
1177 1502 1215 1560 ad
1238 1503 1443 1580 operationem

344 1593 468 1668 alliciat,
489 1609 520 1656 et
540 1597 582 1656 sic
606 1598 736 1676 cognitio
761 1597 872 1658 dicitur
891 1599 1030 1676 practico
1073 1597 1155 1676 Ergo
1176 1598 1301 1658 scieritia
1322 1600 1446 1676 inspecto
1543 1627 1544 1680 p

339 1693 410 1770 fine,
426 1713 514 1771 quem
531 1695 658 1774 respicit,
673 1707 717 1754 est
731 1695 779 1756 vel
793 1696 976 1773 spendctioc,
992 1696 1038 1756 vel
1053 1697 1189 1773 predica.

385 1791 543 1863 “Scientia,
564 1793 608 1852 ait
627 1793 656 1852 S.
672 1791 812 1864 Thomas,
835 1803 930 1872 potest
950 1792 1010 1852 dici
1031 1792 1217 1871 speculativa
1237 1793 1445 1870 tripliciter-
1543 1795 1544 1860 ξ

344 1888 457 1960 Primo,
465 1889 508 1948 'ex
525 1903 611 1968 parte
624 1911 722 1950 rerum
729 1893 874 1963 emturum,
883 1911 961 1969 quae
971 1911 1029 1949 uon
1040 1902 1110 1950 sunt
1120 1889 1286 1968 operabiles
1297 1909 1317 1948 a
1327 1889 1445 1955 sciente,
1543 1957 1544 1968 χ

345 1987 421 2046 sicut
434 1999 479 2046 est
487 1987 611 2048 scientia
622 1988 751 2047 hominis
761 1989 798 2047 ds
809 1989 896 2048 rebus
907 1987 1105 2059 naturalibus,
1119 1985 1165 2046 vel
1177 1984 1450 2046 divinis-Secun-

345 2085 391 2156 do,
406 2095 552 2162 quantum
567 2085 607 2143 od
631 2086 746 2146 modum
761 2085 887 2157 -eciendi,
902 2095 935 2145 ut
960 2095 1034 2162 puta
1047 2085 1071 2144 si
1086 2083 1261 2143 aedificator
1281 2083 1447 2152 consideret
1543 2097 1544 2142 1

345 2180 466 2238 domum
481 2180 648 2241 definiendo
663 2192 693 2242 st
706 2182 880 2254 dividendo,
894 2194 924 2243 et
938 2181 1152 2242 considerando
1168 2180 1351 2240 universalia
1366 2201 1449 2258 prae

345 2275 445 2336 dicata
459 2279 551 2356 ipsius
563 2299 570 2348 ;
592 2278 647 2338 hoc
669 2278 814 2357 siquidem
831 2290 874 2338 est
888 2277 1053 2357 operabilia
1067 2278 1149 2338 modo
1169 2277 1342 2355 apeculctiuo
1356 2279 1447 2337 cousi-

346 2374 458 2446 derare,
473 2386 503 2435 et
517 2397 576 2436 uon
590 2375 747 2436 coeundum
761 2377 837 2455 <prod
849 2375 1018 2454 -operobilm
1032 2385 1120 2446 sunt;
1141 2374 1295 2453 operabile
1309 2375 1388 2434 cuim
1402 2391 1446 2434 cst

347 2470 461 2550 aliquid
476 2493 531 2551 per
544 2473 764 2551 applicantem
787 2473 899 2534 formae
912 2473 950 2532 ad
974 2473 1139 2542 materiam,
1155 2491 1213 2531 non
1236 2492 1289 2550 per
1302 2473 1447 2532 rceoltdic

346 2587 411 2626 nem
419 2569 573 2646 compositi
588 2569 619 2628 in
634 2569 782 2647 principia
793 2567 976 2628 universalia
989 2565 1288 2638 formalia-Tertio,
1299 2579 1446 2645 qnantum

346 2663 386 2722 cd
400 2665 510 2742 finon:
532 2685 601 2725 nam
623 2665 791 2726 intellectus
818 2666 966 2744 practicus
980 2663 1078 2742 differt
1094 2665 1157 2743 fine
1171 2665 1398 2742 aspcculativo,
1414 2680 1447 2723 ut

224 963 226 967 .
346 915 439 974 videri
450 918 569 995 nequit;
583 919 728 997 siquidem
738 941 806 980 cunr
817 921 947 998 cognitio
957 920 995 978 sit
1005 920 1104 996 imago
1115 932 1145 978 et
1153 918 1319 978 similitudo
1329 919 1445 997 objecti.
1543 909 1544 980 l

347 2759 458 2820 dicitur
485 2761 529 2837 (iu
556 2761 583 2820 3.
611 2761 649 2822 dc
676 2761 778 2820 anima
802 2773 861 2819 ten.
890 2759 953 2838 49).
998 2759 1171 2820 Intellectus
1198 2760 1277 2818 enim
1305 2761 1446 2836 praelim
1543 2781 1544 2812 i

348 2855 505 2916 ordinatur
519 2856 557 2915 ad
572 2855 661 2916 finem
683 2857 876 2933 operationis:
897 2855 964 2916 finis
978 2865 1077 2914 autem
1100 2854 1269 2914 intellectus
1282 2855 1447 2931 speculatin'

348 2963 392 3012 est
418 2953 609 3013 comidcrofio
635 2955 769 3013 cetum
812 2951 902 3014 Unde
929 2953 953 3012 si
982 2951 1048 3030 quia
1075 2951 1248 3012 aedificator
1283 2951 1445 3010 consideret
1543 2957 1544 2978 ¹

348 3051 477 3128 qualiter
492 3059 588 3128 posset
608 3051 671 3109 fieri
686 3048 789 3127 aliqua
813 3049 928 3122 domus,
943 3069 1001 3110 non
1017 3048 1159 3108 ordinans
1182 3047 1221 3108 ad
1243 3047 1332 3107 finem
1347 3067 1447 3126 opern-

350 3148 445 3219 tiouis,
469 3149 521 3207 sed
545 3147 584 3207 ad
610 3146 846 3226 cognoscendum
873 3157 1001 3218 tantum,
1025 3147 1082 3207 erit
1106 3157 1253 3225 quantum
1281 3145 1321 3204 ad
1349 3145 1448 3214 finem,

350 3245 534 3324 speculativa
558 3245 763 3317 consideratio,
778 3255 878 3306 tamen
892 3246 930 3306 de
944 3265 976 3304 re
997 3243 1326 3323 operabili.—Scientia
1351 3245 1450 3322 igitur

350 3362 426 3420 quae
439 3352 483 3402 est
495 3341 681 3420 speculativa
696 3341 810 3401 ratione
820 3342 913 3419 ipsius
922 3363 966 3400 rer
961 3343 1070 3412 'aedon
1080 3352 1125 3402 est
1134 3342 1308 3419 speculativa
1322 3351 1450 3400 tantum

352 3439 439 3514 Quae
453 3451 525 3498 vero
545 3435 731 3516 speculativa
754 3451 807 3511 est,
823 3438 870 3499 vel
894 3439 1057 3500 secundum
1080 3437 1206 3510 modum,
1221 3437 1268 3498 vel
1289 3438 1452 3498 secundum

344 3537 444 3614 ficem,
458 3545 502 3594 est
523 3534 685 3594 secundum
700 3534 772 3614 quid
795 3535 977 3612 cpccrtlotc'va,
991 3545 1022 3594 et
1034 3535 1196 3596 secundum
1220 3533 1293 3614 quid
1311 3535 1450 3612 practico.

351 3631 426 3691 Cum
443 3651 513 3692 vero
526 3631 737 3692 ordinaturcd
749 3632 842 3710 fincta
855 3633 1030 3710 operatione
1039 3641 1084 3692 est
1096 3631 1272 3709 simpliciter
1291 3631 1451 3709 menica?
1543 3671 1544 3676 η

354 3731 394 3807 (1.
410 3749 438 3808 p.
452 3750 481 3808 q.
497 3731 542 3788 14.
557 3749 584 3788 a.
601 3727 750 3806 Ill—Of.
765 3728 854 3788 etiam
871 3729 913 3806 (q.
930 3729 976 3788 79.
992 3749 1018 3788 a
1035 3729 1202 3807 11.)-(qq.
1226 3727 1296 3787 DD.
1313 3728 1351 3787 de
1366 3727 1449 3787 Veri-

351 3837 414 3886 tate
427 3849 455 3906 q.
470 3827 497 3886 3.
512 3847 540 3886 a.
555 3826 639 3901 3.)—

393 3924 442 3984 Ex
467 3925 555 3984 dictis
576 3923 725 4002 intelliges
748 3922 868 3984 effatum
893 3923 987 3983 illud:
1028 3922 1221 3984 “Intellectus
1250 3923 1452 4000 speculativos

351 4023 521 4083 extensione
541 4021 576 4081 fit
590 4021 765 4100 practicus.”
807 4019 1012 4096 Quamobrem
1028 4020 1133 4080 merito
1146 4020 1190 4079 ait
1205 4019 1345 4080 (lletnens
1360 4019 1450 4080 Aler-

353 4119 514 4180 andrinus:
537 4117 703 4178 “Veritatis
717 4116 778 4176 alia
792 4116 912 4195 quidem
928 4126 972 4176 eat
986 4135 1063 4194 pars,
1074 4135 1152 4193 quae
1161 4127 1298 4175 versatur
1311 4117 1343 4175 in
1357 4119 1451 4193 copti·
1543 4109 1544 4180 l

313 4227 317 4235 '
352 4220 447 4289 nones
468 4217 530 4277 alia
552 4235 622 4276 vero
644 4215 674 4273 in
697 4217 816 4285 colom,
839 4213 1106 4292 profluxitautem
1130 4231 1149 4271 a
1174 4211 1448 4290 contemplatione.''
1543 4201 1544 4240 l

355 4319 379 4376 1.
394 4315 580 4376 stromatum
595 4313 622 4372 6.
