3358 4952
555 505 602 568 Dc
616 504 720 567 Itium
737 504 843 566 Mentis
864 503 1045 584 Operatione.
1195 555 1198 564 .
1298 505 1336 566 99

268 705 339 765 127.
383 702 565 764 Declaratur
589 703 839 764 assertio.--Dioo
877 703 1111 763 l.-Definitum
1140 701 1247 763 debere
1272 721 1332 762 esse

232 804 398 878 proximum
424 821 475 861 seu
495 802 703 880 propinquum,
728 819 784 858 noo
811 811 911 859 auteur
937 811 1091 860 remotum
1133 799 1334 880 Prcpiopuum

235 896 310 956 illud
325 897 463 975 estquod
483 899 616 975 proxime
628 907 658 956 et
672 895 835 954 immediate
858 916 909 974 per
926 895 1133 955 definitionem
1156 894 1334 974 explicatur,

227 995 404 1074 diciturque
417 995 508 1055 etiam
531 993 729 1053 immediatum
735 1014 749 1062 .·‚·
769 1001 906 1052 remetitur
921 1013 991 1052 vero
1007 992 1082 1054 illud
1096 1004 1151 1066 eat,
1165 993 1245 1072 quod
1260 1003 1335 1053 cate·

237 1111 291 1152 nus
305 1091 455 1164 definitur,
469 1101 615 1170 quatenus
637 1091 666 1149 io
684 1091 772 1169 priori
797 1091 973 1160 cornicetur,
989 1092 1128 1170 quocirca
1142 1093 1233 1152 etiam
1247 1091 1334 1152 uredi-

235 1197 315 1248 ouum
339 1189 451 1249 dicitur
467 1191 516 1266 tu.
532 1189 604 1264 99.).
646 1189 695 1248 Sic
711 1209 737 1248 v..
753 1211 780 1266 g..
797 1209 864 1247 rum
887 1188 970 1247 dico:
988 1189 1138 1248 '“Auimal
1162 1201 1204 1250 est
1229 1210 1335 1268 corpus

230 1286 407 1364 organicum
423 1285 597 1346 sensitivum
608 1284 634 1343 :''
656 1285 767 1344 animal
784 1297 827 1344 est
843 1283 995 1344 delinitum
1008 1288 1228 1365 propinquum:
1247 1285 1334 1345 horno

237 1403 306 1442 vero
319 1393 350 1443 et
363 1382 485 1444 brutum
500 1395 530 1443 et
544 1403 561 1442 a
577 1383 690 1442 fortiori
706 1383 814 1461 singuli
840 1382 972 1442 hominm
987 1393 1016 1442 et
1030 1383 1149 1462 singula
1165 1383 1252 1444 bruta
1266 1395 1335 1462 sunt

235 1478 359 1538 ‹lefiuita
379 1486 487 1539 renata
501 1499 550 1539 seu
575 1479 713 1538 mediata.
757 1478 847 1538 Ratio
862 1490 961 1539 autem
984 1478 1072 1558 hujus
1094 1480 1262 1539 assertionis
1275 1491 1334 1541 ests

228 1589 295 1633 tum
312 1574 384 1653 quia
397 1574 554 1636 delinitum
569 1585 613 1634 est
627 1575 753 1634 essentia
767 1577 800 1633 iu
814 1595 842 1634 ac
857 1575 988 1653 inspecta
1001 1575 1020 1634 i.
1035 1596 1059 1634 e,
1074 1574 1238 1635 secundum
1251 1596 1334 1635 utum

229 1675 517 1753 ¹mprcltcusioncru,
532 1695 590 1734 nen
602 1685 702 1734 autern
714 1674 875 1734 sectrndrnn
887 1695 971 1733 suam
983 1673 1183 1734 extensionem
1194 1675 1239 1752 (n.
1255 1675 1338 1750 cut}

236 1783 299 1830 tum
324 1771 414 1832 etium
440 1772 519 1850 quia,
534 1771 689 1831 delinitum
716 1783 861 1831 remotum
889 1792 941 1830 uec
962 1772 1083 1830 omuino
1108 1792 1161 1831 neo
1183 1775 1335 1831 εεευενείεη

234 1863 596 1947 explicatui'deliuitioue
618 1869 680 1939 illa,
696 1868 780 1947 cujus
797 1879 927 1947 respectu
943 1869 1054 1936 dieitur
1065 1869 1222 1929 definitum
1244 1889 1336 1928 renue

237 1981 310 2038 tum,
325 1987 378 2025 nee
393 1965 517 2044 proinde
531 1965 678 2044 appellari
693 1975 788 2043 potr-st
802 1965 968 2042 sinrpticitcr
982 1964 1147 2026 definitum.

279 2062 355 2123 Dico
378 2061 630 2123 lI.—Detinitunr
654 2061 761 2122 debere
784 2082 843 2120 osse
859 2082 950 2120 surim
969 2083 1025 2139 per
1037 2083 1066 2121 rc
1081 2063 1099 2122 i.
1115 2081 1138 2123 e.
1154 2061 1262 2122 debere
1275 2083 1335 2122 esse

237 2161 324 2220 troius
338 2160 486 2219 essentiae
530 2157 695 2218 Nemeum
718 2157 861 2218 Definitio
875 2159 914 2218 sit
928 2159 1074 2236 «pusulam
1090 2158 1183 2219 veluti
1198 2179 1350 2238 expressa
1426 2193 1430 2200 ·

237 2255 335 2332 imago
359 2254 486 2335 alicujus
508 2255 659 2326 essentiae,
673 2266 746 2334 quot
769 2255 880 2315 fuerint
894 2257 1036 2316 amentiae
1059 2276 1112 2335 per
1133 2256 1335 2318 definitionem

234 2351 441 2430 explicandae,
456 2361 500 2412 tot
521 2353 581 2412 sint
603 2352 787 2412 definitiones
812 2373 960 2413 necessum
986 2363 1037 2414 est
1081 2351 1201 2414 Exinde
1215 2354 1335 2434 colliges

237 2449 348 2525 primo:
370 2448 449 2527 quod
472 2458 621 2509 estunam
640 2469 694 2526 per
715 2448 847 2508 accidens
862 2469 888 2509 v„
903 2471 930 2528 g.
943 2449 1053 2509 “homo
1075 2449 1179 2510 albus”
1195 2471 1253 2510 nun
1268 2450 1336 2510 defi-

236 2543 293 2602 niri
308 2543 490 2622 simpliciter.
532 2543 662 2622 Colligas
675 2544 821 2604 seeundo:
846 2545 964 2604 nullum
979 2547 1177 2624 aequivocum
1192 2558 1222 2607 et
1236 2547 1336 2608 analo-

237 2663 308 2719 gum
322 2641 439 2703 definiri
454 2662 544 2721 posse,
560 2643 616 2702 nisi
631 2643 712 2720 prius
726 2642 935 2720 distinguatur.

280 2737 355 2798 Dico
370 2737 642 2798 IIl.-Definitum
656 2737 762 2798 debere
774 2759 834 2798 esse
848 2741 1009 2798 traicersate
1024 2741 1068 2800 int
1077 2763 1084 2800 :
1093 2739 1336 2821 ¹metaphysicum

234 2846 280 2913 tn.
296 2836 368 2913 dd).
411 2835 503 2896 Ratio
525 2846 585 2896 cst:
607 2835 679 2914 quia
701 2835 877 2908 Definitum,
893 2847 995 2914 utpote
1018 2838 1174 2897 amentiam
1197 2849 1250 2899 aut
1271 2859 1338 2919 pro-

237 2931 393 3009 prietatem
408 2931 450 2990 rei
465 2931 643 3010 exprimens
658 2930 746 2990 debet
760 2951 820 2990 εεεε
835 2920 1028 2991 immutabile:
1049 2933 1215 3012 singularia
1235 2945 1336 2995 autem

238 3028 275 3098 isi
292 3049 384 3086 unum
409 3027 506 3086 Deum
531 3027 688 3106 Optimum
712 3027 882 3086 Maximum
907 3029 1052 3106 excipias)
1068 3040 1137 3089 suut
1160 3030 1336 3104 mutabiliu3

237 3125 419 3187 universalia
433 3147 503 3186 vero
520 3147 577 3204 ptr
590 3147 618 3186 sc
632 3136 702 3187 sunt
725 3108 933 3186 immutabilia.
976 3123 1103 3206 Insuper
1127 3127 1271 3188 Definitio
1293 3141 1337 3190 est

240 3225 418 3303 principium
441 3235 470 3285 et
491 3224 722 3284 fundamentum
744 3224 900 3283 scientiae:
922 3223 1062 3283 scientiae
1084 3234 1184 3284 autem
1199 3223 1336 3304 objectum

239 3322 414 3382 ilmouttuliilc
427 3332 486 3382 est:
508 3331 721 3400 consequenter
735 3320 775 3391 id,
790 3321 869 3399 quod
885 3339 937 3399 per
951 3319 1152 3380 definitionem
1167 3321 1336 3400 explicatur

236 3428 301 3478 tec:
324 3418 515 3496 Definitum),
530 3416 719 3479 immutabile
732 3419 771 3478 sit
784 3427 907 3496 oportet
950 3413 1034 3477 Hinc
1048 3417 1168 3496 colliges
1184 3417 1227 3497 (n.
1236 3416 1335 3496 'latu

278 3515 575 3577 Primo—Definitio
589 3515 753 3576 essentialis
767 3525 810 3576 est
825 3535 943 3594 prorsus
957 3514 1161 3575 immutabilis

279 3612 620 3684 sectione-Definitio,
635 3633 711 3690 (luae
734 3611 768 3672 iit
783 3631 835 3690 per
859 3612 1068 3690 proprietatem
1094 3611 1133 3670 rei
1158 3623 1200 3670 est
1224 3614 1336 3690 pariter

239 3709 443 3769 immutabilis.
483 3773 486 3780 .

277 3805 465 3867 Tertio.qu
480 3807 560 3866 omni
576 3805 747 3866 delinitione
761 3802 940 3882 descriptiva,
955 3803 986 3863 in
1001 3824 1061 3882 qua
1075 3803 1241 3865 differentia
1254 3805 1336 3866 (lesu⁴

238 3904 331 3963 mitur
344 3925 380 3963 ex
407 3904 587 3982 proprietate
609 3903 660 3974 rei,
681 3902 773 3962 verba
795 3921 852 3960 uon
876 3908 969 3960 cetum
991 3901 1056 3979 (qui
1077 3897 1186 3961 accidit
1208 3903 1264 3974 rei)
1286 3903 1335 3963 scd

234 4001 429 4079 aptitudinem
450 4001 627 4080 significant.
669 3983 718 4059 Sic
732 4021 760 4058 v.
775 4020 802 4077 g.
827 4019 894 4058 cum
917 3997 990 4058 dieis
1005 3998 1191 4058 “Subductis
1205 4007 1249 4058 cst
1273 3999 1336 4062 Ens

238 4118 290 4174 pcr
302 4119 333 4156 se
347 4109 376 4158 ct
390 4097 420 4156 in
435 4119 466 4157 se
478 4107 560 4157 stans
569 4095 596 4168 ;”
617 4099 717 4156 sensus
731 4107 790 4155 est:
807 4093 1030 4155 “Substantiam
1045 4114 1105 4154 esse
1120 4115 1191 4168 rem,
1205 4098 1254 4154 cui
1266 4117 1337 4155 eoru-

236 4199 306 4272 patit
320 4217 380 4255 esse
394 4194 424 4254 in
435 4215 467 4255 se
480 4203 509 4255 et
525 4215 577 4273 per
590 4194 647 4254 se.'’
689 4193 767 4254 (lum
782 4191 873 4252 dicis:
895 4191 1056 4252 “Accidens
1070 4199 1113 4251 est
1134 4191 1198 4251 Ens
1213 4191 1244 4252 in
1258 4193 1336 4267 ali03

238 4291 461 4371 intellige-cns
486 4291 534 4350 eui
556 4289 699 4369 competit
718 4310 778 4349 esse
792 4290 822 4347 in
846 4288 933 4348 alio.''
965 4289 1008 4365 (n.
1024 4287 1086 4365 57.)
1130 4287 1248 4347 Pariter
1268 4309 1334 4348 cum

236 4389 311 4450 dicis
325 4388 429 4468 “Ignis
451 4397 494 4449 est
516 4409 623 4466 corpus
646 4387 777 4447 calidum
790 4388 814 4457 ;’'
837 4385 1126 4465 intellige-corpus,
1141 4386 1223 4466 quod
1245 4387 1336 4452 habet

1287 4803 1420 4922 trs-r
1436 4825 1617 4922 :tim
