3138 4956
334 427 392 486 :326
830 430 947 506 noym.

334 620 395 680 alia
423 623 618 682 terminorum
644 623 817 694 declaratio,
843 644 901 682 non
932 624 1124 701 requiruntur
1147 633 1180 681 ut
1200 622 1337 699 formalis
1361 624 1431 678 nitio

333 719 518 790 cnmctslicndi,
534 740 628 798 neque
642 720 731 779 etiarn
749 729 782 779 ut
798 722 981 798 principiam
991 739 1047 798 per
1060 741 1089 778 se
1103 719 1232 796 efficiens,
1246 738 1296 776 seu
1313 717 1428 776 eliciens

334 824 433 872 actum
459 815 646 886 assentiendi,
660 817 711 875 sed
736 824 770 875 ut
794 817 934 895 nafficiena
958 817 1113 894 applicatio
1138 815 1245 893 objecti
1274 819 1433 892 (utsupra

334 912 446 970 «lictum
463 913 529 987 tat).
571 912 629 972 Sed
644 913 731 973 nulla
744 924 788 973 est
801 914 948 973 sufficiens
962 915 1048 984 ratio,
1060 934 1137 992 quae
1146 913 1272 972 suadeat
1283 913 1434 990 experien-

335 1008 406 1065 tiam
436 1009 562 1085 riporoae
588 1021 749 1088 sumptam,
775 1021 863 1089 prout
891 1011 1020 1071 includit
1047 1010 1209 1070 multorum
1232 1010 1432 1086 singularium

336 1105 521 1164 intuitionem
548 1119 578 1165 et
600 1107 788 1168 collationem
813 1122 842 1167 et
865 1108 1067 1168 inductionem
1091 1128 1151 1166 esse
1176 1107 1371 1166 cicomariam
1396 1107 1431 1164 ad

334 1201 515 1278 srifficienlem
526 1203 747 1280 applicationmn
760 1205 865 1264 horum
878 1205 1102 1282 principiorum,
1112 1225 1274 1282 canumque
1286 1205 1435 1262 rationum

338 1297 565 1376 intelligentiam
591 1309 753 1378 aptamque
778 1301 1028 1379 compositionem.
1072 1301 1135 1361 Cur
1156 1303 1234 1360 euim
1260 1322 1319 1359 riou
1343 1313 1437 1378 potest

335 1397 391 1454 lroc
415 1416 466 1473 per
480 1395 647 1455 doctrinam
670 1397 822 1476 compleri,
837 1397 973 1457 adhibito
987 1398 1026 1457 ad
1049 1419 1197 1456 summurn
1224 1418 1282 1456 uno
1306 1397 1437 1456 alterove

336 1491 474 1570 exemplo
501 1492 642 1564 sensibili,
667 1514 726 1572 quo
753 1496 824 1554 satis
852 1505 1007 1573 penetrato
1035 1516 1087 1573 per
1115 1495 1310 1564 intellectum,
1336 1495 1435 1554 statim

338 1599 483 1667 appareat
498 1610 550 1667 per
564 1610 594 1648 se
607 1590 729 1650 evidens
739 1591 849 1650 veritas
864 1591 1030 1669 Principii?
1072 1593 1173 1670 Atque
1187 1592 1244 1651 hoc
1260 1593 1357 1669 ipsum
1373 1611 1438 1650 con·

339 1687 440 1746 lirmat
453 1687 654 1765 experientia:
676 1689 715 1747 ad
730 1688 918 1748 admittenda
931 1689 1008 1748 euim
1025 1689 1099 1748 haec
1120 1688 1268 1766 principia
1285 1689 1315 1745 in
1331 1687 1437 1744 doctri-

339 1786 382 1843 nis
397 1784 498 1845 nullus
512 1795 651 1864 expectat
666 1787 800 1864 pluriam
820 1786 1018 1864 singularium
1042 1768 1244 1855 inductiorlem,
1260 1782 1307 1842 vel
1331 1783 1438 1860 asperi-

338 1883 485 1941 nrenlaiem
500 1883 709 1961 coguitionem,
723 1884 773 1944 sed
789 1884 933 1943 facillimo
958 1883 1077 1960 negotio
1102 1883 1227 1940 rationes
1248 1883 1435 1940 terminer-mn

336 1980 459 2057 quisque
484 1978 635 2058 intelligit,
658 1991 687 2040 et
708 1981 810 2040 statim
836 1981 957 2040 illorum
984 1980 1140 2040 veritatem
1171 1989 1268 2037 niente
1294 1978 1434 2044 intuetur,

339 2076 536 2153 paeoepans
551 2076 690 2136 mannen
706 2057 863 2154 ‹litigentla
878 2077 1024 2136 seniora.

379 2171 518 2248 o)-“At
534 2191 611 2240 vern,
626 2173 677 2250 qui
692 2173 752 2232 sodi
766 2174 929 2232 inventione
943 2173 1097 2232 scientiam
1120 2172 1290 2248 acquirunt,
1306 2170 1437 2246 indicent

338 2269 513 2346 '’ipementia
528 2269 566 2328 ad
582 2269 688 2329 horum
705 2270 919 2348 principiorum
934 2269 1152 2347 cognitionem:
1175 2268 1247 2346 quia
1260 2268 1324 2327 sinc
1339 2267 1393 2324 illo
1407 2278 1435 2324 et

337 2366 400 2424 sine
426 2365 565 2424 exteriori
590 2364 741 2444 adjutorio
765 2365 966 2444 praeceptoris
988 2377 1018 2424 et
1041 2365 1204 2435 doctrinae,
1227 2384 1286 2422 nou
1318 2375 1436 2441 possunt

341 2463 412 2521 haec
422 2461 575 2540 principia
588 2463 657 2521 satin
666 2465 802 2540 proponi,
817 2473 870 2522 aut
884 2465 1009 2522 rationes
1020 2465 1206 2521 terminorum
1219 2461 1288 2519 entis
1302 2463 1437 2538 capitoni,

339 2571 372 2618 ut
387 2558 446 2618 illis
460 2559 581 2618 evidens
602 2560 782 2637 praebeatur
794 2581 935 2620 assensus.
979 2560 1081 2637 Atque
1096 2559 1152 2618 hoc
1167 2564 1346 2618 confirmant
1362 2559 1438 2618 testi·

340 2655 438 2714 rnonia
454 2655 623 2714 Aristotelis
637 2666 666 2714 et
682 2676 750 2715 usus
771 2656 832 2734 ipse
845 2657 917 2715 satis
931 2655 961 2714 id
977 2657 1072 2733 ipsum
1088 2657 1181 2714 docet.
1225 2654 1317 2714 Ratio
1338 2665 1436 2713 autern

339 2763 399 2812 est:
422 2752 493 2830 quia
508 2763 607 2812 nostra
624 2753 790 2812 intellectiva
805 2755 927 2830 capnitio
940 2752 1028 2812 valde
1042 2753 1165 2810 limitata
1178 2762 1222 2811 est
1232 2761 1262 2809 et
1275 2751 1438 2827 imperfecta

340 2848 524 2926 nimiumque
548 2869 567 2906 a
590 2869 675 2908 seina
692 2849 819 2926 pendet:
841 2861 870 2908 et
892 2849 966 2918 ideo,
980 2849 1043 2906 sine
1066 2847 1229 2906 sufficiente
1254 2846 1438 2916 adminiculo

340 2948 410 3024 «ajin,
425 2947 484 3006 non
501 2957 596 3024 potest
610 2967 678 3006 cum
700 2947 863 3006 sufficiente
877 2946 1055 3006 certitudine
1069 2957 1098 3003 et
1111 2944 1254 3003 firmitate
1268 2943 1436 3021 procedere,

340 3055 369 3102 ct
392 3043 460 3102 inde
486 3043 595 3103 accidit
618 3065 714 3122 saepe,
738 3057 771 3103 ut
799 3045 848 3122 qui
875 3043 1003 3102 multum
1029 3043 1066 3101 de
1095 3041 1247 3101 intellectu
1274 3039 1439 3110 confidunt,
1541 3049 1542 3054 ’

340 3160 455 3199 sensum
472 3141 644 3210 deserentes
659 3139 747 3199 freuile
761 3143 793 3198 in
807 3140 892 3199 ‘rebus
905 3139 1090 3198 calcantibus
1111 3145 1213 3208 emerit,
1229 3150 1262 3195 ut
1283 3137 1440 3196 adnotavit
1541 3153 1542 3168 r

344 3235 518 3295 ,triennales
544 3237 585 3312 (8.
617 3235 705 3314 Phys.
731 3258 754 3296 c.
779 3236 830 3310 3.).
873 3235 999 3314 Oportet
1022 3247 1122 3294 autem
1152 3235 1200 3292 lric
1226 3233 1437 3293 limitationem

342 3333 492 3402 adhibere,
520 3353 567 3391 sc:
604 3333 659 3392 hoc
687 3333 861 3410 repularder
889 3331 1115 3410 intelligendum
1145 3351 1212 3390 esrae.
1256 3329 1336 3388 Nurn
1367 3331 1440 3388 adeo

342 3429 449 3506 aliquis
465 3441 560 3506 posset
575 3428 685 3506 pollere
709 3429 826 3506 iugenio
841 3439 869 3487 et
885 3442 945 3487 tam
969 3439 1082 3488 attento
1096 3449 1131 3486 ac
1155 3427 1339 3485 ‹eurisideratc
1354 3427 1441 3484 ratio
1541 3425 1542 3438 ²

343 3549 408 3586 rictu
431 3527 525 3587 lbtirre
539 3539 568 3587 ct
577 3531 674 3605 partis
689 3549 716 3586 v.
731 3551 758 3606 g.
775 3529 804 3585 in
822 3548 880 3586 uno
895 3538 1011 3586 tanturn
1034 3525 1178 3604 singulari
1201 3525 1392 3603 perpendere,
1408 3535 1440 3582 ut

344 3625 497 3684 veritatem
514 3625 603 3682 totius
620 3624 756 3702 principii
772 3624 840 3682 iude
854 3623 955 3683 statim
971 3622 1086 3681 eliciat:
1108 3622 1184 3680 sicut
1198 3621 1304 3679 dicunt
1318 3619 1442 3678 Theolo·

342 3721 370 3796 gi
389 3721 532 3780 Animam
548 3719 657 3779 Christi
683 3719 720 3780 D.
737 3719 775 3779 N.
791 3741 828 3778 ex
843 3718 906 3778 sola
921 3719 1051 3778 efficacia
1074 3717 1220 3778 naturalis
1244 3716 1366 3794 ingenii,
1380 3717 1440 3775 sirie

342 3817 462 3894 speciali
477 3817 661 3876 aelurinioulo
683 3817 913 3895 supernaturali,
936 3837 972 3875 ex
996 3835 1056 3874 uno
1080 3815 1289 3892 phantasmate
1303 3812 1436 3872 elicuisse

344 3913 453 3972 multas
469 3913 606 3972 veritates
622 3912 669 3973 vel
684 3915 839 3992 principia.
883 3914 965 3989 Quia
979 3915 1106 3972 inediam
1119 3914 1312 3989 asperientiac
1327 3931 1384 3968 non
1399 3923 1440 3969 ist
1541 3905 1542 3934 l

345 4025 405 4068 tam
417 4030 471 4086 per
484 4031 513 4068 ae
528 4011 724 4082 cimmerium,
739 4012 810 4088 quin
828 4012 917 4089 possit
930 4011 1053 4070 aliunde
1067 4010 1207 4087 suppleri.

337 4093 342 4105 ⁶
376 4103 552 4164 Ill-Alia
561 4106 680 4164 demum
690 4117 760 4166 suut
772 4107 918 4185 principia
925 4108 1120 4184 portinsdzrio
1130 4108 1290 4184 etproprin
1302 4105 1443 4164 Scieutia-

346 4223 420 4272 rum,
434 4215 463 4262 et
474 4201 511 4262 de
520 4201 566 4260 his
578 4203 736 4262 verisimile
748 4206 988 4263 salemanniam
999 4224 1059 4262 osec
1068 4205 1273 4280 experientiam
1282 4214 1312 4259 et
1322 4201 1442 4260 ealbatis

346 4319 407 4356 rictu
432 4297 592 4356 multorum
615 4299 824 4374 singularium,
847 4299 884 4358 ad
911 4299 1028 4357 lirmuru
1053 4309 1082 4357 ct
1103 4298 1269 4356 evidentem
1293 4315 1441 4356 assensum
