3358 4952
506 447 553 507 De
573 449 707 508 Sacrtrrdu
728 449 836 510 Martie
856 451 1037 528 (iperutim.
1266 454 1344 512 149*

717 742 792 810 iV.

545 953 796 998 OOMPLEXARUM
818 955 993 999 orroelum.

377 1128 487 1206 Quoad
504 1130 717 1209 propositiones
731 1130 903 1210 complexas
917 1130 1137 1192 observandum
1152 1145 1204 1192 est.

266 1225 332 1287 192.
375 1224 599 1305 Primo-Ipsa
621 1226 792 1306 impugnari
817 1236 914 1306 potest
934 1226 1111 1306 dupliciter:
1141 1247 1188 1288 ac:
1210 1229 1325 1309 impug-

225 1322 325 1383 nando
336 1323 382 1384 vel
398 1322 594 1403 principalem
606 1323 694 1384 simul
709 1333 740 1384 et
753 1323 992 1396 incidentem‚vel
1005 1323 1184 1386 incidentem
1195 1335 1323 1387 tantum.

224 1417 274 1480 Sic
289 1421 440 1499 proposita
453 1441 482 1481 v.
497 1441 525 1500 g.
541 1420 598 1482 hac
613 1421 813 1502 propositione

482 1517 616 1580 “Anima
630 1517 795 1597 spiritualia
808 1529 852 1579 est
865 1518 1044 1580 immortalis
1056 1519 1083 1591 ;”

224 1609 395 1692 Dupliciter
409 1613 580 1693 impugnari
602 1623 705 1692 potest
748 1613 851 1676 Primo
864 1611 1041 1694 opponendo
1061 1615 1324 1676 contradictoriam

227 1727 339 1788 rperus;
361 1731 379 1770 r.
395 1731 419 1770 e.
695 1736 698 1745 ·

443 1809 577 1870 “Anima
590 1809 755 1887 spiritualis
769 1829 828 1870 non
843 1818 887 1869 est
902 1807 1107 1870 immortalis.”

223 1903 370 1976 Secundo,
384 1904 616 1966 contradicendo
630 1905 790 1976 incidenti;

358 2002 500 2075 “Anima,
514 2023 592 2082 quae
606 2013 649 2064 est
670 2003 857 2076 immortalis,
872 2021 932 2063 nou
946 2014 991 2063 est
1010 1995 1202 2082 spiritualis?

263 2098 487 2160 Secundo-In
503 2099 684 2179 quibusdam
698 2099 862 2180 complexis
877 2099 1023 2160 mutanda
1036 2109 1081 2161 est
1094 2102 1240 2181 qrmntitua
1253 2102 1325 2162 iuci-

223 2199 329 2272 deutis,
345 2209 378 2260 ut
392 2199 538 2279 oppositio
562 2197 718 2272 habentur,
733 2198 763 2258 in
789 2197 968 2277 quibusdam
982 2217 1043 2259 nou
1064 2198 1144 2259 item.
1186 2197 1254 2260 Sint
1275 2219 1324 2259 ex-

181 2295 184 2304 ’
223 2297 325 2376 empla
340 2319 367 2358 v.
382 2319 410 2378 g.

263 2392 330 2454 1-
330 2393 455 2454 “Omnis
465 2392 680 2478 demonstratio
691 2392 721 2452 iu
734 2391 815 2452 omui
829 2391 953 2452 scientia
967 2391 1121 2471 principiis
1134 2391 1323 2453 evidentibus

345 2489 513 2550 innititur”

227 2565 479 2649 Contradictoriu:
501 2559 642 2666 “Aliquo
651 2585 891 2647 demonstratio
879 2607 912 2644 m
922 2585 1023 2664 aliqum
1037 2585 1235 2646 scientiarum
1249 2585 1324 2645 inui-

344 2685 420 2745 titur
433 2683 588 2764 principiis
601 2681 817 2744 evidentime

222 2783 253 2844 Si
277 2782 355 2842 enim
385 2782 503 2842 diceres.
547 2780 718 2859 “Aliqua
711 2800 740 2839 ru
769 2779 897 2840 omni..
914 2779 1045 2858 ..''plus
1073 2799 1203 2858 negares,
1232 2798 1323 2858 quam

223 2899 297 2957 opus
310 2879 356 2939 sit.

264 2973 347 3035 11.-
347 2975 473 3035 “Omnis
494 2974 591 3046 homo,
606 2974 657 3053 qui
678 2984 778 3034 servat
791 2975 890 3048 omnio
912 2971 1055 3034 mandata
1077 2971 1135 3033 Dei
1149 2972 1323 3035 salvatur?

228 3071 479 3132 &credideriut
501 3069 640 3149 “Aliquis
657 3115 777 3130 ......
793 3069 892 3129 ornuio
914 3115 1056 3129 .......
1078 3090 1138 3129 non
1151 3067 1323 3130 salvatur?

221 3168 484 3230 Sienimdioeres:
500 3167 640 3246 “Aliquis
654 3212 775 3228 ......
790 3165 891 3246 aliqua
912 3212 1056 3227 .......
1077 3187 1137 3226 rrorr
1150 3165 1322 3228 salvatur·''

222 3265 383 3346 propositio
397 3265 548 3338 enituere,
562 3273 593 3325 et
606 3265 698 3344 prion
689 3263 884 3325 nullatenus
898 3263 1041 3343 opposita

262 3362 564 3440 Tertio-Quando
556 3383 587 3424 rn
602 3362 803 3443 propositione
813 3361 971 3440 complexa
981 3360 1164 3423 affirmativa
1174 3361 1325 3423 habentur

221 3459 366 3522 adverbia
377 3459 555 3538 temporalia
569 3471 623 3520 aut
634 3459 744 3519 localia
756 3479 763 3529 ;
779 3469 813 3520 ut
827 3460 919 3538 ipsius
928 3459 1191 3520 contradictoriam
1202 3459 1324 3533 habeas,

221 3557 360 3636 ponenda
374 3567 417 3617 est
431 3555 580 3634 particula
596 3577 656 3616 nou
670 3555 833 3616 immediate
847 3567 917 3616 ante
930 3555 1108 3617 adverbium
1122 3580 1128 3617 :
1150 3577 1179 3618 v.
1193 3579 1221 3637 g.

503 3653 621 3713 “Sortes
634 3653 798 3734 aliquando
812 3654 906 3724 currit
915 3653 941 3712 :''

227 3749 616 3814 contradictoria-“Sorres
631 3770 690 3810 uon
706 3748 871 3829 aliquando
885 3751 919 3828 (i.
934 3771 958 3810 e.
973 3753 1154 3829 numquam)
1170 3751 1291 3814 currit&

321 3849 399 3912 Item
502 3849 636 3908 “Anima
649 3869 766 3928 semper
779 3847 891 3928 cogitat
904 3849 929 3909 :'’

225 3945 633 4010 Cbalradictcrin-“Auima
648 3965 707 4006 non
722 3935 838 4025 aernper
851 3945 991 4025 cogitat.”
1033 3946 1051 4006 i.
1067 3965 1091 4005 e.

504 4043 637 4103 “Anima
650 4042 815 4122 aliquando
834 4062 894 4102 uou
910 4042 1050 4120 cogitat''

321 4141 397 4202 Item
501 4140 657 4202 “Christus
670 4151 714 4202 est
729 4139 840 4220 ubique
852 4141 878 4212 ;''

224 4237 653 4301 Cbntradictorio-“Christue
667 4249 710 4298 eet
724 4257 784 4299 uon
805 4236 916 4315 ubique
938 4237 972 4312 (i.
987 4258 1010 4300 a
1025 4237 1138 4300 alicubi
1160 4258 1220 4300 non
1234 4238 1322 4315 est).’'

745 4423 781 4483 19
