3172 4950
297 447 335 509 ll
793 447 914 530 Laetius.

295 665 353 703 nou
384 657 455 704 sunt
482 663 573 703 arima
603 645 673 723 qaid
701 656 730 704 et
758 646 808 704 lior:
837 646 950 724 aliquid
979 645 997 703 i.
1026 667 1049 704 a.
1081 663 1172 703 unnim
1202 643 1400 703 individuuni

298 739 344 800 vel
369 741 549 819 subjeetum,
577 761 630 799 nee
651 762 704 818 per·
726 763 753 800 se
793 744 908 800 seorsim
933 761 951 800 a
975 741 1108 819 sirbjeoto
1137 742 1312 800 naturaliter
1336 763 1398 799 esst*

167 887 170 894 .
193 833 197 855 “
298 847 419 928 queunt.
473 836 648 896 Insinuatur
676 837 787 915 pariter
812 838 985 896 divisionem
1013 837 1108 909 illam,
1128 848 1275 916 quantum
1298 851 1340 896 est
1363 861 1396 895 es

178 983 182 989 .
292 941 377 1011 parts
391 935 560 1013 quantitatis
570 945 600 994 et
611 936 741 1012 praecise
755 937 782 992 'ai
797 937 976 1014 aternitatis,
993 955 1050 994 nou
1067 934 1176 995 babere
1194 937 1293 994 tinem.
1335 933 1402 994 Un-

299 1029 337 1088 de
349 1029 407 1087 dir-i
419 1029 512 1088 solet:
532 1035 656 1108 “eorpus
667 1030 895 1089 nititlteuratiruur
911 1045 983 1106 tirou
996 1045 1094 1089 autem
1117 1051 1224 1108 eorpus
1248 1031 1400 1089 n-oturalr'i

296 1145 356 1184 esse
379 1125 528 1184 divisibile
553 1127 583 1184 in
610 1127 771 1212 inlinitum,
792 1126 821 1184 in
848 1147 906 1204 quo
929 1126 972 1184 uil
994 1139 1037 1186 est
1062 1146 1231 1204 repugnans
1256 1126 1394 1186 divisioni

298 1223 460 1282 infinitae.''
502 1223 531 1283 S.
547 1222 677 1282 Thomas
691 1225 750 1302 op.
765 1224 801 1282 de
815 1243 900 1283 sensu
911 1237 941 1283 et
954 1235 1070 1283 sensato
1086 1224 1153 1284 leet.
1176 1224 1309 1282 15.-of.
1325 1224 1393 1282 item

299 1307 350 1398 qq.
365 1320 435 1380 DD.
451 1321 488 1380 de
503 1320 567 1380 Pot.
583 1342 612 1400 q,
626 1323 653 1380 4.
669 1341 695 1380 a.
713 1325 738 1380 1.
754 1322 791 1380 ad
810 1325 888 1380 lum.

338 1419 385 1476 62.
428 1417 589 1495 Descriptio
630 1418 1015 1494 Quantitutisr-lntelleeto
1043 1431 1191 1490 concreto,
1218 1417 1399 1496 intelligitur

296 1514 489 1575 abstraatum.
532 1515 639 1593 Itaque
653 1516 805 1593 quantitas
820 1527 882 1575 est:
904 1517 999 1576 “ratio
1009 1517 1146 1594 ,partium
1162 1515 1292 1595 ejusdem
1308 1515 1397 1574 ratio·

295 1611 368 1682 uis,'’
384 1631 431 1670 se:
453 1612 517 1689 ipsa
531 1622 575 1671 est
589 1613 665 1670 ratio
679 1631 733 1670 our
746 1610 919 1690 Subjeetuur
935 1612 1027 1672 habet
1047 1624 1146 1690 partes
1160 1611 1291 1690 ejusdem
1307 1611 1395 1670 ratio-

296 1709 349 1768 nis.
393 1707 469 1767 Item
484 1707 609 1768 describi
624 1708 714 1767 solet:
737 1709 833 1768 “ratio
847 1708 1079 1768 divisibilitatis:
1102 1709 1197 1768 “ratio
1213 1707 1397 1767 mensurabi-

297 1805 390 1865 litatis
401 1805 426 1874 ;”
437 1805 544 1864 '“ratio
557 1804 748 1883 aequalitatis
764 1806 810 1864 vel
826 1805 1049 1884 inaequalitatis
1059 1806 1085 1877 ;''
1107 1808 1184 1866 ratio
1197 1799 1393 1866 tinitudiuia.''

297 1903 384 1978 Quae
398 1903 517 1980 quidem
532 1903 742 1986 desoriptiones
756 1905 954 1976 desumuntur
967 1927 1003 1966 ex
1019 1905 1161 1984 effatum
1171 1918 1201 1966 et
1210 1908 1399 1984 prenestin-

295 1999 348 2058 lrus
358 2001 542 2077 quantitatis.
585 1999 652 2060 Has
663 2013 763 2060 autom
776 2001 882 2062 tribuit
893 2002 1056 2078 Quantitas
1067 2003 1207 2082 Subjeeto
1213 2005 1395 2080 sensatim:

295 2106 441 2173 quatenus
455 2117 503 2156 so:
523 2105 567 2156 est
587 2097 684 2156 forma
700 2097 817 2175 (utique
840 2098 1040 2172 occidentalis)
1054 2119 1114 2177 qua
1136 2099 1311 2179 Subjeotum
1328 2102 1360 2177 (i.
1373 2123 1400 2158 a.

295 2190 470 2252 Substantia
492 2193 647 2270 corporea)
662 2203 760 2271 partas
781 2194 911 2273 ejusdem
933 2195 1055 2254 rationis
1079 2195 1186 2255 habet:
1206 2205 1236 2256 et
1249 2197 1320 2274 quia
1341 2197 1396 2254 has

296 2288 395 2362 habet,
410 2288 572 2362 divisibilia,
586 2291 789 2350 ntemurabilis
803 2337 900 2352 .....
912 2303 968 2351 est.

336 2385 383 2446 63.
426 2386 539 2446 Diuisio
559 2388 961 2464 timiditatis-Quantitas,
975 2401 1121 2467 quatenus
1135 2401 1178 2448 est
1193 2391 1289 2450 “ratio
1303 2391 1396 2468 parti-

296 2483 375 2554 um,”
390 2505 420 2542 se
445 2483 536 2543 habet
561 2483 654 2544 veluti
679 2485 829 2563 quoddam
862 2507 953 2563 qanta
976 2507 1150 2562 supremum,
1183 2487 1266 2565 cujus
1290 2489 1395 2564 speetu

295 2601 444 2658 murenae
464 2594 534 2641 suut
556 2583 708 2660 quantitas
736 2584 873 2642 martinus
895 2595 925 2642 et
949 2583 1080 2656 diurnata,
1105 2585 1281 2662 magnitudo
1296 2605 1343 2644 se:
1365 2599 1393 2644 et

296 2679 611 2756 multimammiam
636 2699 832 2758 unaquaeque
854 2680 930 2740 alias
952 2681 1062 2758 speeies
1083 2681 1139 2740 sub
1161 2682 1393 2752 statuminetur

296 2795 365 2834 mox
380 2775 488 2834 diuam.
531 2774 621 2834 Ratio
636 2785 735 2834 autern
751 2796 805 2835 eur
818 2777 972 2854 quantitas
986 2776 1028 2836 sie
1043 2777 1204 2855 inspectui.
1217 2781 1396 2838 e.“utralir›

293 2871 449 2949 partium,”
463 2872 502 2931 sit
522 2892 623 2950 mnus,
637 2881 698 2944 eat;
719 2872 800 2950 quia,
814 2883 848 2933 ut
861 2875 912 2945 sio,
926 2873 1164 2952 praedicatoria
1184 2875 1264 2951 Qttid
1284 2876 1322 2934 de
1335 2876 1396 2934 suis

224 3021 226 3026 ,
293 2968 464 3047 speciebus:
480 2968 558 3028 uude
571 2979 615 3030 est
628 2990 719 3047 qenes
733 2971 775 3046 (n,
791 2969 854 3046 43).
884 2971 953 3030 Hau
966 2971 1223 3031 animadversione
1235 2973 1397 3051 praejacta.

279 3063 446 3144 'sequentes
460 3066 670 3144 descriptiones
685 3066 841 3145 intelliges.

335 3162 498 3238 Quantitas
525 3161 669 3222 (butiana
691 3171 751 3222 est:
774 3161 856 3234 '‘illa,
878 3164 961 3242 eujus
984 3175 1082 3242 partes
1097 3165 1247 3223 communi
1269 3165 1398 3224 termino
1474 3163 1478 3172 '

294 3259 474 3338 copulantur
482 3259 510 3329 ;’'
533 3259 747 3318 Diserta-at:
770 3258 842 3318 “illa
867 3261 951 3338 eujus
973 3273 1071 3339 partes
1094 3261 1221 3320 termino
1244 3262 1393 3320 oonuuuni

295 3380 352 3420 nou
373 3357 579 3436 copulantur.”
608 3355 784 3416 Termiuum'
794 3367 894 3416 autem
906 3377 1080 3417 emmonem
1091 3358 1220 3436 appello,
1234 3359 1393 3418 terminum

294 3456 390 3528 illum,
404 3457 454 3533 qui
471 3453 618 3514 sionnam
634 3463 749 3531 partem
765 3454 916 3524 terminat,
931 3466 965 3513 ut
979 3473 1055 3513 unus
1070 3454 1208 3532 idemque
1222 3455 1312 3514 etiam
1328 3473 1397 3532 par-

293 3567 352 3614 tem
367 3553 592 3630 subsequentem
609 3550 764 3622 terminet;
785 3561 875 3628 atque
887 3549 996 3610 ideirco
1008 3551 1141 3612 neutrius
1152 3552 1246 3629 partis
1254 3553 1396 3629 pratitae

294 3651 437 3712 terminus
450 3650 510 3709 diei
525 3657 627 3727 potest.
656 3647 706 3708 Sic
719 3669 747 3707 v.
762 3669 791 3726 g.
805 3647 882 3707 duae
899 3648 998 3725 partes
1010 3647 1136 3727 alicujus
1151 3648 1247 3708 lineae
1261 3649 1397 3708 continn-

294 3759 384 3808 antur
409 3747 496 3806 unico
521 3753 632 3824 puncto
657 3744 764 3817 medio,
778 3744 857 3822 quod
882 3746 1001 3804 urticam
1026 3755 1112 3804 estet
1127 3745 1280 3823 utriusque
1301 3745 1397 3824 partis

294 3851 455 3903 suranna
498 3841 581 3900 Hine
597 3839 678 3902 vides
693 3840 803 3899 lineam
818 3859 879 3900 esse
893 3841 1091 3918 quantitatem
1107 3841 1298 3900 continuam:
1314 3841 1396 3901 arides

295 3941 384 4000 etiam
408 3959 566 3999 numerum
591 3937 887 4016 praedieanwutalem
909 3959 970 3999 esse
992 3940 1191 4018 quantitatem
1220 3940 1396 4000 discretam:

295 4038 405 4116 quippe
419 4058 446 4098 v.
462 4059 489 4116 g.
513 4037 645 4114 quinqua
658 4046 688 4095 et
712 4035 853 4115 quinque,
869 4045 1029 4115 quaesunt
1044 4045 1142 4114 partes
1164 4035 1290 4110 denarii,
1312 4035 1397 4096 nullo

294 4135 446 4195 eommuui
460 4134 588 4194 termino
609 4133 805 4212 copulantur:
827 4153 929 4194 omues
943 4153 1073 4212 namque
1087 4133 1217 4192 unitates
1231 4141 1301 4194 suut
1315 4153 1398 4211 sepa·
1419 4212 1424 4220 '

294 4241 377 4292 ratae
391 4232 409 4290 i.
424 4251 448 4290 e.
463 4229 600 4290 dammae
613 4229 691 4289 inter
704 4249 742 4289 se.

334 4326 523 4404 Quantitatis
547 4326 706 4386 oontiuuae
729 4325 861 4404 quinque
886 4325 1030 4404 assignari
1058 4325 1198 4386 videntur
1222 4327 1331 4405 species
1357 4327 1397 4386 ab

290 4423 456 4486 Aristotele
470 4445 517 4484 ao:
541 4423 646 4496 Dima,
660 4421 838 4502 &speeiem
855 4421 966 4502 &rpus
977 4422 1126 4502 (intellige
1139 4422 1395 4500 ntadematieum).
