3172 4950
328 429 366 488 46
825 427 945 506 Lapica.

327 626 367 684 rei
391 625 519 685 limatae:
542 645 621 704 ergo,
636 624 888 703 quemadmodum
913 624 943 682 in
959 644 990 683 re
1004 623 1103 682 locata
1117 623 1209 682 datur
1224 642 1292 700 pars
1305 642 1355 681 seu
1373 633 1431 680 ter-

328 723 424 782 mirms
438 723 616 783 continuans
630 722 692 801 ejus
706 731 814 800 partes,
828 721 871 780 ita
894 721 1007 799 pariter
1020 720 1230 797 correspondet
1243 719 1274 777 iu
1291 718 1354 778 loco
1369 730 1428 778 tcr-

330 821 425 878 minus
439 821 617 880 continuans
638 829 737 898 partes
746 817 924 902 loci—Alii
939 841 955 878 e
969 828 1074 878 contra
1088 819 1119 877 id
1133 827 1245 896 negant
1259 837 1294 876 ea
1315 816 1430 896 potissi-

275 980 277 986 ,
330 938 410 976 mum
426 917 540 976 ratione
554 916 647 989 ducti,
658 917 735 995 quad
754 915 874 994 Tempus
884 917 922 976 sit
933 936 984 976 ens
995 915 1189 976 essentialiter
1202 912 1432 992 incompletum;

329 1034 370 1073 tu.
386 1013 449 1090 53.)
465 1035 532 1072 cnm
555 1014 617 1092 ejus
640 1023 737 1092 partes
761 1033 925 1092 numquam
947 1016 1122 1072 coexistunt:
1144 1012 1239 1072 Lamia
1253 1021 1353 1071 autem
1369 1031 1428 1070 nou

330 1111 447 1180 ridetur
461 1111 571 1172 addere
585 1131 697 1172 nrivum
715 1111 835 1170 modum
850 1111 1029 1170 extensionis
1042 1131 1133 1190 supra
1146 1109 1343 1188 superficiem,
1357 1129 1426 1168 cum

331 1207 370 1266 uil
397 1207 479 1266 aliud
502 1207 583 1266 dicat
605 1207 662 1266 uisi
686 1205 800 1266 ambire
825 1206 871 1266 vel
887 1208 1038 1267 continere
1062 1228 1177 1286 corpus,
1219 1206 1279 1266 Pro
1303 1214 1431 1284 utraque

330 1305 468 1382 opinione
500 1305 624 1364 affertur
658 1305 819 1364 auctoritas
852 1305 1024 1366 Aristotelis
1051 1317 1081 1366 et
1104 1305 1135 1366 S.
1159 1303 1303 1364 Thomas.
1344 1303 1429 1380 Quid

320 1401 423 1478 ’igitur
436 1422 488 1460 nos
503 1401 656 1462 dicemus?

372 1499 546 1578 Respondeo
567 1497 729 1560 lli-Its
752 1511 869 1561 nonest
892 1501 992 1580 rnagui
1017 1501 1168 1566 momenti.
1183 1513 1212 1560 et
1226 1501 1349 1560 fortasse
1363 1519 1428 1558 earn

330 1597 359 1654 in
395 1595 600 1674 metaphysica
635 1598 721 1674 (nani
749 1597 882 1675 quaestio
911 1597 1117 1676 metaphysica
1145 1597 1214 1674 est)
1228 1596 1433 1657 discutiemus.

331 1692 393 1768 Qui
417 1692 554 1764 voluerit,
578 1691 624 1752 (is.
648 1691 785 1752 Toletum
809 1691 846 1752 de
868 1693 969 1773 praed.
999 1692 1177 1772 quantitatis
1186 1692 1358 1754 :—Goudin
1391 1692 1430 1752 de

333 1790 500 1868 quantitate
515 1801 571 1850 art,
587 1789 774 1850 3.—Suarez.
791 1790 830 1850 I).
847 1790 890 1874 Μ.
907 1787 975 1850 XL.
990 1813 1026 1851 m.
1042 1792 1068 1852 7.
1084 1801 1113 1851 et
1128 1792 1155 1850 9,

370 1888 416 1946 64.
460 1886 648 1962 Quantitatis
678 1875 822 1946 discretae
846 1887 924 1946 duae
946 1888 1137 1964 assignantur
1159 1887 1268 1965 specics
1292 1885 1331 1946 ab
1347 1887 1431 1946 Aris-

333 1983 419 2043 totele
435 1982 581 2042 Numerata
594 1993 623 2043 et
644 1981 753 2044 Oratio.

372 2080 522 2140 Numerus
545 2089 604 2140 est:
627 2082 722 2140 “ratio
745 2080 876 2160 partium
899 2081 1093 2141 discretarum
1106 2081 1132 2140 :”
1153 2093 1183 2141 et
1198 2084 1287 2141 etiam
1303 2079 1431 2140 describi

335 2187 446 2254 potest;
469 2165 696 2236 “continuorum
713 2177 949 2254 permanentium
963 2177 1266 2236 rueusuradiscreta.’'
1309 2175 1431 2252 Quibus

333 2273 429 2334 serbis
440 2272 597 2352 intelliges,
609 2293 765 2333 numerum
777 2273 1068 2352 praedicamentalem
1081 2273 1224 2334 resultare
1235 2295 1273 2334 ex
1284 2274 1432 2334 divisione

235 2375 242 2390 ¹
332 2372 477 2430 coatmai:
500 2392 535 2430 ac
550 2369 673 2450 proinde
688 2391 746 2429 nou
772 2391 854 2450 posse
877 2371 1008 2450 reperiri,
1024 2371 1080 2430 nisi
1103 2371 1132 2430 iu
1158 2370 1245 2430 rebus
1268 2370 1432 2449 corporeis:

332 2480 421 2546 :itque
434 2467 477 2527 ita
491 2464 634 2545 distingui
646 2487 665 2525 a
676 2487 799 2526 numero
813 2466 1066 2538 saiwandeins,
1077 2467 1127 2545 qui
1141 2467 1287 2545 reperitur
1297 2466 1388 2526 etiam
1401 2467 1432 2526 in

335 2563 419 2623 rebus
430 2561 652 2642 spiritualibus:
675 2561 801 2621 dicimus
812 2563 892 2621 enim
902 2583 909 2633 ;
921 2566 1016 2622 “artas
1028 2562 1150 2622 Deraia
1160 2562 1251 2622 tribua
1262 2561 1397 2622 Peraoais
1406 2563 1434 2621 :'’

331 2673 360 2720 ct
374 2660 455 2739 apud
472 2658 630 2718 Danielem
651 2657 819 2737 loquentem
834 2659 871 2718 de
887 2658 1013 2736 Angelis
1023 2659 1048 2718 :”
1070 2659 1163 2720 millia
1186 2660 1310 2722 malam
1333 2659 1436 2718 minis-

333 2756 454 2817 trabant
479 2756 518 2816 Ei
534 2755 615 2833 (Deo
629 2755 753 2834 Optimo
775 2755 927 2832 Maximo)
943 2767 972 2816 et
986 2756 1077 2816 decies
1090 2758 1193 2818 ceillier
1206 2764 1324 2818 mamm
1338 2757 1432 2816 millia

333 2854 509 2915 assistebant
525 2852 590 2914 Ei.”
632 2853 677 2914 Cf.
692 2853 811 2914 Suarez.
827 2853 866 2913 D.
883 2853 925 2913 M.
943 2853 1031 2914 XLI.
1046 2875 1068 2914 s.
1084 2855 1112 2914 2.

378 2951 479 3012 Oratio
503 2951 553 3010 hic
576 2951 713 3023 sumitur,
738 2959 884 3030 quatenus
906 2960 950 3011 est
973 2973 1033 3012 vox
1056 2963 1219 3030 aggregata
1233 2973 1270 3010 ex
1296 2949 1434 3030 pluribus

333 3048 410 3106 sonis
425 3047 571 3107 distinctis
585 3057 615 3107 et
628 3045 685 3106 sibi
698 3043 934 3120 succedentibus,
950 3067 976 3107 v.
991 3069 1019 3126 g,
1036 3069 1095 3108 vox
1111 3047 1263 3107 Daciam.
1298 3045 1435 3106 Describi

333 3143 424 3204 solet:
446 3144 696 3204 “successivomm
713 3164 851 3204 mensura
865 3143 1021 3205 discreta.”

353 3295 359 3308 .
375 3242 718 3318 Quaeres-Quaenam
733 3262 770 3300 ex
786 3241 831 3301 his
845 3250 889 3301 ert
903 3242 1007 3320 species
1021 3242 1199 3322 quantitatis
1213 3242 1378 3302 discretae?

377 3339 550 3417 Respondeo
582 3337 769 3398 I.—-Certum
791 3350 835 3398 est
861 3360 1011 3399 rrnuwmrm
1030 3361 1090 3400 esse
1113 3339 1311 3417 quantitatem
1336 3337 1438 3398 diacre·

336 3443 393 3493 lam
403 3458 413 3494 .·
433 3445 497 3494 tum
513 3435 585 3512 quia
600 3433 629 3492 in
654 3433 716 3512 ipso
740 3433 911 3494 verificatur
925 3434 1058 3494 definitio
1082 3435 1261 3514 quantitatis
1275 3435 1438 3504 discretae;

337 3549 399 3592 tum
414 3531 591 3610 quiescens,
607 3529 692 3590 nulla
706 3543 779 3590 esset
802 3532 954 3608 quantitas
977 3532 1104 3592 discreta
1115 3555 1121 3590 :
1131 3567 1132 3572 κ
1143 3532 1223 3610 quod
1239 3531 1379 3591 ultimum
1394 3543 1437 3590 est

338 3629 553 3686 inconveniens.

380 3721 561 3802 Respondeo.
587 3723 839 3802 IL—Disputant
865 3746 934 3785 vero
960 3726 1129 3804 philosophi
1153 3726 1232 3786 circa
1261 3727 1436 3785 Orationem.

338 3817 470 3897 Quidam
487 3819 683 3890 arbitrantur,
695 3821 789 3900 ipsam
802 3843 862 3882 esse
873 3825 1069 3900 quantitatem
1091 3823 1248 3882 discretam
1261 3842 1267 3876 ε
1292 3825 1442 3902 qrraorita-

337 3928 389 3977 aas
412 3917 542 3997 quidem,
564 3920 635 3996 quia
657 3919 783 3979 orationi
810 3921 910 3979 insunt
932 3920 1079 3998 passionis
1103 3920 1299 3997 quarrtitatis;
1329 3918 1441 3978 dicitur

337 4017 413 4074 turim
439 4016 535 4074 oratio
558 4016 655 4092 lampa,
670 4015 779 4074 brasiis:
801 4015 948 4075 discretam
975 4037 1053 4086 vero,
1069 4015 1139 4094 quia
1155 4016 1245 4093 ipsius
1270 4027 1366 4094 partes
1383 4016 1400 4075 i.
1415 4036 1440 4076 c.

336 4111 479 4192 ¹syllabae,
494 4111 747 4190 quemadmodum
773 4113 900 4173 unitates
916 4113 946 4172 in
961 4133 1094 4184 numero,
1109 4112 1185 4172 nulli
1210 4113 1359 4172 communi
1376 4112 1439 4172 vin·

272 4243 276 4254 ·
337 4210 404 4269 vulo
432 4207 619 4288 copulantur.
664 4201 727 4268 Alii
753 4217 853 4268 autem
883 4209 913 4269 id
939 4220 1057 4287 negant.
1103 4208 1193 4268 Ratio
1222 4208 1353 4288 ipsorum
1379 4217 1442 4274 est:

337 4306 407 4384 quia
421 4307 554 4366 extensio
578 4304 642 4377 illa,
656 4326 732 4383 quae
757 4305 902 4384 reperitur
925 4307 956 4364 iu
981 4327 1053 4366 voce
1078 4305 1215 4384 pluribus
1237 4304 1362 4384 syllabis
1376 4325 1445 4366 con·
