3138 4956
820 421 941 500 noeti.

324 606 472 686 Princeps,
487 631 544 672 non
561 611 632 690 quia
647 616 770 692 proprie
783 627 813 676 et
822 620 950 694 practice
964 617 1099 696 imperat,
1114 619 1163 678 sed
1179 619 1265 698 quasi
1279 621 1382 680 narde
1394 631 1422 680 et

324 707 487 768 eminenter.
529 708 599 771 Non
614 711 691 770 enim
711 713 845 790 procedit
860 715 989 792 practice
1002 714 1193 787 ostendendo,
1208 715 1358 794 quomodo
1372 715 1422 774 ille

322 802 390 862 finis
403 805 442 865 sit
463 806 651 882 obtinendus,
666 818 721 870 cut
740 809 803 870 ulia
816 810 846 869 in
861 831 930 870 eum
944 811 1111 889 dirigenda,
1125 823 1216 890 utque
1238 812 1350 872 idcirco
1364 833 1420 872 nou

318 905 440 978 proprie
462 923 498 963 ac
515 905 681 982 formaliter
702 909 846 987 imperat:
868 910 990 970 ostendit
1014 921 1113 970 nenton
1139 911 1254 984 Finem,
1278 912 1309 970 in
1334 933 1419 990 quem

323 999 423 1060 omnia
437 1011 507 1061 sunt
519 1002 677 1082 dirigenda
690 1025 818 1084 eumque
832 1009 961 1067 omnium
967 1008 1059 1086 finem
1068 1009 1201 1068 ultionum
1211 1009 1421 1080 esoeostendit;

322 1103 350 1152 et
365 1093 432 1155 ideo
445 1116 482 1156 ex
498 1109 584 1175 purte
597 1103 641 1159 rei
661 1102 798 1180 mpnitoe,
810 1104 921 1164 virtute
934 1115 965 1164 ct
978 1105 1151 1178 eminenter,
1165 1118 1312 1185 quantum
1329 1117 1373 1168 est
1387 1129 1421 1168 cc

321 1210 358 1260 se,
372 1193 511 1254 omnibus
531 1195 660 1274 imperat
673 1200 833 1279 omniaque
847 1201 877 1261 in
892 1223 960 1261 eum
982 1203 1071 1262 finem
1086 1225 1122 1264 ac
1135 1225 1278 1265 eummrun
1304 1206 1422 1266 Βοηιιπι

322 1287 453 1366 dirigit’'
495 1291 544 1352 lte
557 1295 706 1372 sapienter
719 1296 838 1357 Suarer.
855 1297 888 1375 (Ι.
904 1319 928 1359 c.
943 1319 971 1358 n.
987 1300 1050 1374 45.)

361 1479 447 1542 Dtoo
469 1481 683 1546 Vnt-nnn
695 1490 730 1547 in
743 1489 846 1548 ordine
864 1509 939 1568 pure
952 1493 1086 1551 naturali
1104 1513 1239 1570 enyrrnna
1252 1496 1372 1554 eer'cntic
1385 1499 1421 1554 sit

321 1577 526 1659 Metophyaicu,
540 1590 644 1658 tomen,
657 1589 801 1663 supposito
822 1587 925 1647 ordine
944 1589 1165 1666 eupcnmturuli
1184 1611 1218 1648 uc
1232 1589 1317 1662 Fide,
1338 1591 1423 1650 uilior

321 1677 435 1754 ccnrpit
447 1677 584 1754 scimea,
599 1702 673 1760 qaue
687 1703 720 1742 ec
728 1685 886 1762 principiis
900 1686 1030 1746 receditis
1044 1687 1185 1764 procedit,
1205 1687 1361 1766 Theoiopiu
1374 1709 1420 1748 ec:

320 1772 510 1836 Scholastica:
532 1777 601 1838 lateo
611 1785 714 1851 anteon
726 1782 836 1843 tamesi
845 1782 989 1842 Scientice
1000 1783 1157 1863 Beotificoe
1167 1784 1364 1845 subulci-nutu
1376 1787 1422 1852 cit.

321 1877 416 1930 tannen
430 1877 490 1930 turn
499 1881 620 1952 propter
632 1875 841 1949 certitudinem,
856 1885 915 1938 tunt
925 1887 1046 1957 propter
1058 1883 1196 1940 nuteriae
1210 1881 1380 1960 drpnitatern
1395 1891 1420 1942 et

314 1970 387 2048 sinit
402 1969 602 2044 exceltentiam,
617 1993 712 2032 ornnes
722 1975 871 2034 naturales
891 1974 1062 2052 disciptinas
1083 1977 1166 2054 tonpe
1180 1977 1296 2038 encellit.
1340 1978 1420 2038 Huic

319 2069 444 2146 proinde
458 2070 655 2149 Metnpltycicu
668 2073 733 2150 ipsc
746 2073 890 2152 nibjuccut
903 2095 1046 2136 necessum
1060 2085 1148 2138 eat.—

1001 2174 1031 2234 S.
1045 2172 1101 2235 Th.
1118 2176 1159 2252 (l.
1175 2196 1204 2254 p.
1218 2197 1266 2255 qq.
1283 2177 1310 2236 3.
1325 2191 1355 2237 et
1369 2178 1411 2250 5.)

362 2362 429 2422 348.
471 2362 636 2444 Theologio.
657 2363 842 2426 Scholastica
862 2375 922 2428 ast:
945 2366 1102 2440 “Scientia,
1117 2387 1195 2446 quae
1208 2387 1245 2427 ex
1270 2369 1422 2447 principiis

321 2462 460 2523 revelatis
482 2463 681 2524 ratiocinatur
702 2464 740 2524 de
765 2465 839 2537 Deo,
861 2485 898 2524 nc
921 2465 959 2524 dc
983 2465 1130 2538 omnibus,
1154 2485 1232 2543 quac
1256 2465 1296 2525 sd
1322 2465 1420 2526 Deum

321 2559 516 2621 retensum
546 2561 704 2637 Quatenus
723 2563 883 2640 principiis
902 2563 1033 2622 reveletis
1054 2563 1159 2636 utitur,
1173 2563 1379 2642 distinguitur,
1393 2573 1422 2622 et

321 2658 440 2736 quidem
453 2659 647 2732 essentialiter,
658 2678 678 2718 a
691 2657 857 2737 Theologia
868 2659 1021 2730 rintnroli,·
1034 2659 1180 2737 siquidem
1193 2659 1290 2719 omnis
1300 2659 1422 2720 scientia

321 2755 359 2816 eb
374 2756 490 2834 objecto
511 2775 564 2816 suo
580 2755 704 2834 sonnoli
724 2757 852 2834 speciem
877 2755 1022 2816 desumit:
1044 2767 1192 2835 quatenus
1217 2777 1289 2818 vero
1313 2776 1352 2815 ex
1377 2755 1422 2815 his

321 2853 475 2932 principiis
485 2851 526 2912 ud
539 2853 731 2912 conclusiones
739 2852 880 2930 procedit,
889 2851 1086 2930 distinguitur
1095 2861 1159 2912 tum
1168 2873 1188 2912 a
1199 2851 1276 2912 Fide
1289 2851 1422 2930 simplici,

322 2965 384 3012 tum
400 2973 419 3010 a
441 2950 606 3028 Theolcgin
625 2951 757 3028 position,
780 2971 857 3028 quae
879 2949 1036 3028 disciplina
1063 2949 1116 3008 illa
1141 2959 1194 3022 est,
1216 2969 1303 3028 quae,
1324 2947 1422 3008 studio

320 3051 553 3129 scripturarum,
564 3047 766 3109 Conciliorum
779 3059 809 3109 et
823 3048 959 3120 Petrum,
970 3047 1114 3126 dogmate
1127 3046 1261 3107 revelate.
1273 3046 1381 3107 statuit
1393 3059 1422 3106 et

323 3146 577 3226 explicit-Duo
605 3145 671 3206 heic
705 3145 863 3224 probanda
890 3145 1024 3206 veniunt.
1066 3142 1170 3204 Primo
1179 3143 1421 3222 z—'l'heulogism

322 3245 537 3306 scholasticam
552 3263 613 3302 esse
632 3242 786 3302 scientiam
806 3244 929 3320 proprie
949 3239 1422 3301 dictem-Secundu-Theotc

322 3343 403 3422 giam
413 3340 628 3402 Scholasticam
641 3339 670 3398 in
683 3338 907 3419 Eucyclopcdia
918 3329 1082 3399 christiana
1092 3338 1251 3398 ahsolutum
1261 3341 1418 3416 primatum

324 3439 464 3500 obtinere.
507 3437 674 3516 Utriusque
694 3437 900 3516 probationem
916 3457 953 3497 cx
969 3437 998 3498 S.
1013 3436 1131 3498 Thomu
1146 3427 1188 3516 (1.
1204 3459 1231 3516 p.
1247 3459 1275 3517 q.
1293 3441 1319 3497 l.
1334 3459 1379 3498 aa
1395 3439 1420 3494 2.

323 3549 353 3597 et
367 3535 409 3612 ὃ.)
425 3535 588 3595 decumam.

364 3631 432 3692 349.
464 3629 616 3690 Probatur
627 3647 647 3689 1.
659 3629 921 3708 pere—“Duplex
933 3639 978 3690 est
987 3629 1178 3690 scientiarum
1189 3649 1293 3708 genus.
1325 3629 1422 3706 Quae

323 3731 393 3789 dam
407 3729 486 3788 enirn
501 3737 580 3798 sunt,
593 3745 672 3804 quue
685 3726 850 3804 procedunt
859 3746 897 3785 ex
912 3725 1066 3804 principiis
1077 3725 1155 3785 notis
1169 3726 1279 3786 lumine
1292 3725 1422 3784 naturali
1535 3739 1536 3791 t

323 3825 500 3898 intellectus,
514 3823 591 3884 sicut
610 3821 814 3883 Arithmetica
827 3834 856 3883 et
877 3821 1059 3896 Geometrin,
1074 3835 1104 3882 et·
1125 3822 1295 3902 hujusmodi
1309 3843 1316 3894 ;
1336 3843 1421 3901 quse

323 3925 394 3984 dem
410 3943 481 3982 vero
492 3931 572 3995 sunt,
585 3941 663 3999 quac
682 3921 849 3999 procedunt
861 3941 898 3980 ex
914 3921 1068 3999 principiis
1083 3921 1161 3980 notis
1175 3921 1285 3980 iumine
1298 3921 1420 3998 nepes-ic

323 4022 365 4082 ric
378 4021 527 4092 scientiae,
541 4019 619 4080 siout
633 4016 825 4098 Perspective
839 4017 974 4096 procedit
988 4038 1026 4077 ex
1041 4017 1196 4096 principiis
1216 4037 1269 4096 per
1283 4017 1421 4078 crimme

324 4119 415 4180 ticam
429 4117 508 4178 notis
522 4116 617 4194 (unde
630 4115 713 4194 ipsse
725 4115 866 4176 scientiae
880 4117 999 4195 proprie
1019 4115 1232 4176 ndclternmue
1245 4123 1340 4194 sunt).
1382 4115 1421 4176 Et

324 4216 381 4276 hoc
395 4214 484 4274 modo
496 4233 582 4274 sacra
603 4211 752 4273 Doctrina
765 4222 810 4273 est
829 4215 958 4286 sennia,
973 4213 1046 4292 quia
1068 4213 1202 4292 procedit
1215 4233 1253 4272 ex
1269 4213 1422 4292 principiis
1533 4271 1534 4278 ,

323 4311 402 4373 notis
415 4311 529 4372 lumine
541 4309 701 4389 superioris
720 4311 869 4384 scientiae,
884 4331 961 4390 quae
974 4331 1022 4371 sc:
1043 4321 1088 4370 est
1100 4312 1221 4372 mentio
1236 4310 1297 4371 Dei
1310 4319 1337 4372 et
1350 4311 1422 4372 Bco
1533 4295 1534 4306 ἵ
