3358 4952
524 399 572 460 De
586 399 690 460 Rima
706 398 812 458 Mentis
832 397 1012 476 Operatione.
1188 409 1190 412 ’
1257 395 1313 457 103

209 597 399 654 wnoeninnt:
420 604 453 656 ut
475 616 503 655 v.
518 617 546 674 g.
571 595 596 656 si
619 595 685 673 quis
707 593 844 654 definiret
864 594 983 653 realiter
1009 593 1176 653 consulem:
1200 592 1313 663 “illurn,

211 692 262 770 qui
277 691 393 770 patriae
408 691 536 752 consulit
546 693 571 764 ;'’
614 692 663 752 vel
677 690 877 762 vocabulum3
899 691 1035 769 “signum
1052 691 1236 750 internarum
1252 690 1313 749 aui-

157 807 163 818 ·
213 790 253 848 nri
269 791 488 852 affectionum.’'
532 794 574 870 (n.
590 792 652 869 45.)
847 859 848 864 η

251 885 466 948 Ill-Contra
480 889 603 948 tertium
617 897 809 966 praeceptum
821 897 946 966 peccant
955 908 962 946 :
972 896 1036 946 turn
1051 885 1311 964 o)-definitiones

211 980 290 1054 illae,
305 982 335 1040 iu
359 982 467 1060 quibus
491 983 606 1062 aliquid
621 983 713 1056 adest,
728 1003 787 1062 quo
809 982 937 1054 sublato,
953 983 1069 1061 integra
1083 992 1158 1042 esset
1171 980 1312 1050 definitio,

208 1087 243 1137 ut
258 1099 286 1140 v.
301 1100 328 1156 g.
343 1079 368 1139 si
390 1079 480 1140 dieis:
502 1079 610 1140 “homo
632 1090 676 1139 est
698 1078 810 1138 animal
834 1079 979 1138 rationale
994 1079 1073 1156 bipes
1083 1078 1111 1138 :'’
1135 1099 1164 1132 τυ
1180 1077 1258 1156 tripes
1273 1097 1314 1136 re

208 1174 343 1236 dundat:
366 1185 429 1236 tum
446 1176 705 1254 b)-defiuitiones
720 1175 798 1249 illae,
813 1177 844 1235 in
859 1176 967 1254 quibus
982 1175 1076 1254 posito
1092 1176 1193 1255 aliquo
1207 1195 1313 1254 genere

209 1279 313 1332 remoto
338 1284 367 1332 et
392 1273 559 1334 differentia
583 1273 700 1346 ultima,
715 1293 774 1333 nou
796 1271 998 1333 adhibeantur
1020 1293 1121 1332 omnes
1144 1273 1313 1352 interjectae

210 1368 403 1442 differentiae,
425 1379 460 1430 nt
484 1391 511 1430 v.
528 1391 564 1449 g.
589 1370 614 1429 si
635 1369 725 1430 dicis:
748 1369 855 1429 “bomo
876 1381 920 1430 est
941 1369 1108 1429 substantia
1131 1368 1312 1429 rationalis.'’
1369 1362 1372 1368 ’

213 1464 297 1525 Hinc
312 1465 460 1546 intelliges
474 1487 528 1526 cur
553 1466 697 1527 Definitio
711 1466 819 1527 debeat
843 1479 977 1527 constare
1002 1465 1118 1527 Genera
1137 1467 1270 1544 proximo
1284 1479 1312 1525 et

211 1561 390 1623 Differentiae
404 1564 516 1637 ultima
528 1563 552 1624 si
567 1563 729 1624 essentialis
743 1563 850 1637 situel
864 1565 900 1641 (si
913 1563 1039 1623 causalis
1050 1575 1104 1624 aut
1114 1562 1310 1642 descriptiva)

210 1659 257 1718 his
271 1661 358 1732 uotis,
383 1680 461 1739 quae
484 1661 600 1739 generis
625 1661 754 1740 proximi
780 1671 833 1720 aut
855 1661 1038 1720 differentiae
1064 1660 1187 1720 ultimae
1214 1659 1311 1719 locum

208 1763 318 1814 teuent.
360 1754 408 1815 Ne
419 1767 519 1816 tamen
534 1757 700 1835 decipiaris,
711 1749 836 1817 observa
850 1759 956 1816 iteruin
973 1756 1052 1836 quod
1067 1777 1157 1836 supra
1173 1758 1215 1834 (n.
1229 1757 1310 1833 126.)

211 1851 373 1912 innuimus.
416 1852 492 1912 Cum
508 1853 619 1914 dicitnr
633 1853 778 1914 Definitio
793 1867 927 1913 constare
942 1853 1048 1914 debere
1058 1875 1161 1932 penore
1176 1854 1312 1932 proximo

209 1959 239 2008 et
253 1947 421 2026 differentia
447 1948 563 2022 ultima,
586 1971 679 2028 genus
693 1963 722 2010 et
736 1949 903 2010 differentia
926 1971 984 2010 nori
1009 1962 1168 2010 sumuntur
1191 1951 1313 2010 secando

210 2047 439 2106 intentionaliter
454 2047 497 2118 (n.
514 2047 576 2123 26.)
592 2068 641 2107 se:
663 2058 809 2126 quatenus
830 2048 1005 2126 exprimunt
1020 2047 1140 2108 modum
1163 2046 1314 2126 praedica·

210 2141 318 2213 tionis;
339 2163 409 2202 narn
435 2153 467 2203 ut
481 2143 532 2215 sic,
548 2143 730 2204 universalia
752 2144 844 2222 logion
865 2156 943 2216 sunt,
958 2165 1093 2223 quaeque
1116 2143 1241 2222 proinde
1255 2164 1313 2203 uon

211 2239 387 2316 exprimunt
407 2239 449 2311 id,
473 2239 550 2320 qnod
574 2239 612 2299 de
636 2239 758 2301 definito
783 2239 975 2319 praedicatur
1000 2241 1042 2318 (n.
1058 2241 1141 2318 36.);
1161 2240 1212 2301 sed
1236 2240 1313 2300 sumi

211 2335 321 2396 debent
340 2339 439 2414 primo
453 2337 681 2397 intentionaliter
693 2358 740 2398 sc:
763 2347 909 2416 quatenus
923 2339 1097 2416 exprimunt
1111 2337 1152 2410 id,
1167 2357 1220 2416 per
1234 2337 1312 2416 quod

211 2431 377 2493 Definitum
390 2433 598 2508 constituitur;
613 2453 693 2507 uam,
706 2444 739 2495 ut
749 2433 790 2494 sic
804 2434 946 2512 inspecta,
957 2433 1139 2494 universalia
1149 2443 1220 2494 suut
1229 2441 1313 2494 meto

206 2531 338 2607 physion,
366 2550 501 2609 quaeque
525 2531 650 2609 proinde
674 2531 711 2591 de
733 2531 855 2592 definito
880 2533 1033 2592 enunciari
1059 2543 1190 2611 possunt,
1215 2531 1311 2611 quoad

208 2627 391 2707 elementum
406 2629 580 2708 objectionum,
595 2630 675 2709 quod
690 2631 852 2690 continent.
879 2632 938 2708 ,(n.
955 2631 1060 2708 36.)-

252 2723 465 2786 IV.-Coutra
488 2727 628 2788 ultimum
653 2738 844 2807 praeceptum
869 2737 994 2807 peccant
1016 2728 1046 2787 bi
1061 2748 1171 2801 ornnes,
1194 2727 1245 2806 qui
1270 2738 1314 2788 tot

211 2822 375 2900 particulas
388 2823 420 2882 in
435 2823 606 2884 definitione
620 2833 794 2903 congerunt,
808 2834 881 2903 quot
895 2835 965 2902 suut
985 2823 1176 2884 difficultates
1191 2824 1222 2882 iu
1238 2834 1313 2884 trac-

210 2919 324 2978 tatione
338 2919 389 2992 rei,
404 2940 481 2998 quae
501 2919 650 2981 definitur.
693 2919 759 2981 Etsi
773 2921 853 2980 enirn
876 2920 1019 2980 Definitio
1040 2919 1109 2980 talis
1123 2939 1183 2980 esse
1197 2919 1312 2992 debeat,

212 3023 246 3075 ut
260 3035 297 3074 ex
312 3035 348 3074 ea
372 3037 482 3090 ornnes,
498 3037 574 3095 qnae
588 3016 625 3078 de
640 3037 671 3077 re
685 3017 756 3077 oriri
780 3027 902 3096 possunt
924 3017 1134 3089 dubitationes,
1157 3016 1310 3077 commode

209 3110 331 3171 dissolvi
356 3111 476 3190 possint,
491 3132 551 3173 uon
565 3111 632 3172 ideo
655 3122 756 3173 tamen
781 3131 931 3173 necessum
956 3122 1007 3185 est,
1024 3123 1057 3172 ut
1080 3111 1205 3192 siugulis
1226 3133 1313 3192 orgu-

211 3210 317 3269 mcutis
332 3210 490 3282 diluendis,
504 3211 623 3288 singula
639 3209 730 3270 verba
745 3211 773 3268 in
791 3211 961 3270 delinitione
982 3220 1150 3288 portantum
1171 3209 1222 3269 sed
1236 3209 1313 3268 suffi-

209 3309 251 3367 cit
273 3307 475 3367 definitionem
491 3307 535 3367 ita
549 3307 735 3378 constituere,
751 3319 785 3368 ut
798 3329 836 3367 ex
862 3308 964 3386 paucis
978 3307 1112 3367 omnium
1129 3306 1312 3386 objectorum

208 3405 318 3465 solutio
341 3405 429 3465 facile
451 3405 553 3484 colligi
576 3406 674 3484 possit.
717 3404 870 3482 Quoniam
893 3405 986 3484 igitur
1002 3403 1146 3466 Definitio
1161 3414 1205 3464 est
1218 3403 1312 3464 veluti

209 3512 302 3580 eaput
326 3501 416 3562 totius
440 3501 658 3581 disputationis,
681 3522 757 3580 quae
779 3501 816 3562 de
838 3521 870 3562 re
897 3501 1034 3574 babetur,
1057 3500 1226 3580 hujusmodi
1252 3521 1312 3562 esse

211 3597 309 3669 debet,
324 3607 401 3658 utet
415 3598 503 3658 facile
517 3599 661 3658 memoria
675 3598 777 3670 teneri,
792 3610 822 3658 et
832 3597 979 3677 expedite,
994 3619 1062 3657 curn
1077 3593 1151 3675 opus
1165 3597 1264 3668 fuerit,
1279 3599 1309 3657 iu

214 3693 343 3754 medium
372 3695 497 3773 proferri
524 3705 621 3773 queat.
664 3693 879 3771 Quamobrem,
902 3705 1048 3772 quantum
1075 3703 1107 3769 pt
1134 3703 1243 3753 natura
1271 3695 1311 3754 rei

212 3790 398 3851 definiendae
412 3804 441 3851 et
458 3791 651 3870 perspicuitas
664 3791 844 3852 definitionis
866 3791 1026 3870 patientur,
1041 3789 1139 3850 brevis
1154 3789 1241 3850 bebet
1254 3811 1313 3851 esse

210 3887 354 3960 definitio,
368 3888 485 3948 tametsi
501 3908 727 3972 nonnumquam
741 3887 868 3966 longiori
883 3886 1017 3966 indigeat
1031 3887 1224 3966 expositione.

252 3986 597 4063 Quaeres-Quomodo
612 3985 818 4063 investigenda
831 3985 870 4046 sit
884 3984 1011 4063 alicujus
1026 3984 1067 4044 rei
1083 3983 1237 4044 definitio?

249 4081 560 4160 Respondes—Duos
574 4103 628 4161 pro
643 4081 815 4141 defiuitione
829 4079 1038 4159 investiganda
1052 4079 1145 4141 tradit
1160 4080 1306 4143 Aristote-

214 4179 256 4239 les
271 4178 390 4258 regulas
406 4180 467 4256 (11.
483 4178 683 4239 Posteriorum
699 4199 723 4238 c.
740 4178 801 4250 14.)
814 4197 940 4256 quarum
957 4197 1018 4237 nna
1028 4187 1157 4239 venatur
1170 4177 1313 4240 definitio

207 4296 274 4336 uem
291 4295 348 4354 per
367 4274 530 4336 desceranm
550 4295 599 4335 so:
622 4274 661 4334 ab
683 4273 902 4335 universalibus
916 4273 954 4334 ad
976 4274 1173 4359 particularia
1194 4275 1311 4338 deseen-
