3358 4952
496 421 542 480 De
562 421 696 482 Secundo
719 422 827 482 ,llentia
854 421 1035 500 Operatione.
1261 421 1319 480 143

215 615 295 694 quod
316 615 507 677 subalternae
522 617 671 688 (licuntur,
688 617 809 704 proprie
823 617 975 696 oppositae
990 637 1046 676 uorr
1062 627 1148 676 sunt:
1171 614 1316 693 t)-Snt-

212 715 375 774 contrariae
389 735 460 775 vero
474 735 536 774 ooce
557 727 675 776 tantum
691 724 892 794 opponuntur,
908 735 965 774 uon
981 724 1080 775 autem
1104 736 1142 775 re.
1186 713 1267 774 Nam
1282 726 1316 774 ut

215 809 293 871 duae
307 811 522 890 propositiones
537 814 660 890 proprie
674 811 785 872 dictam
802 811 1014 891 oppositionem
1037 810 1178 884 habeant,
1194 811 1318 891 requiri·

217 919 266 968 tur
281 909 395 987 primo:
418 915 450 967 nt
474 908 581 968 eoadem
608 908 733 968 liabeont
757 909 911 968 terminos:
933 907 1095 987 requiritur
1116 909 1262 969 secundo:
1284 916 1316 968 ct
1356 927 1359 930 ·

215 1026 274 1064 nun
289 1005 376 1076 tollat,
390 1004 535 1082 trepondo,
552 1005 591 1077 id,
606 1005 682 1084 qrcod
696 1007 787 1064 alteru
800 1007 891 1088 ponit,
907 1005 1085 1086 affirmando.
1129 1006 1225 1084 Atqui
1239 1005 1317 1066 duae

214 1101 427 1181 propositiones
448 1102 672 1162 subcontrariae
696 1125 753 1162 non,
777 1105 932 1162 ›recensorio
955 1102 1067 1163 habent
1081 1103 1196 1163 eosdem
1219 1104 1316 1164 termi-

215 1219 267 1257 nos
280 1221 286 1258 :
302 1218 371 1258 uam
388 1199 504 1258 tametsi
518 1219 612 1270 voces,
623 1219 700 1278 quae
711 1198 875 1278 subjectum
888 1200 1071 1279 exprimunt,
1083 1201 1244 1260 videantur
1254 1221 1317 1262 eac·

214 1295 291 1367 dem,
308 1317 350 1354 res
372 1307 470 1356 tamen
494 1296 655 1374 oipnificuto
682 1317 738 1355 nou
763 1297 926 1356 necessario
948 1308 992 1357 est
1013 1296 1172 1376 utrobique
1193 1297 1314 1368 cadem

212 1394 323 1471 quippe
337 1403 380 1452 ast
401 1393 592 1453 individuum
616 1393 878 1454 indeterminatum
894 1405 923 1454 et
938 1395 1107 1472 diprrrrotioe
1128 1397 1314 1474 suppositum

214 1492 363 1568 (n.1o3.).
407 1491 611 1567 Quamobrem
636 1511 703 1550 curu
726 1491 804 1550 duae
829 1491 986 1570 requisitae
1000 1491 1039 1551 ad
1057 1495 1180 1570 proprie
1201 1492 1312 1554 dictam

214 1589 427 1667 oppositionem
452 1588 643 1660 conditiones,
660 1609 717 1648 uon
734 1588 789 1646 uisi
813 1589 843 1648 in
858 1589 1095 1649 contradictoriis
1109 1600 1138 1649 et
1160 1590 1316 1650 contrariis

213 1684 463 1763 propositionibus
489 1685 684 1763 reperiantur,
708 1685 764 1744 lrae
784 1687 905 1762 proprie
928 1686 1080 1764 oppositae
1103 1697 1173 1746 sunt
1198 1707 1233 1746 ac
1254 1687 1313 1746 dici

215 1791 375 1854 merentur,
401 1783 495 1860 deque
520 1782 566 1842 bis
590 1783 751 1843 dumtaxat
776 1783 805 1842 in
830 1783 1020 1861 sequentibus
1045 1803 1174 1860 agemus.
1217 1784 1262 1846 (tf.
1285 1785 1314 1846 S.

214 1879 361 1940 'ibernam
379 1879 450 1958 (Op.
467 1881 514 1940 44.
531 1879 578 1939 Dc
594 1880 815 1940 Euuuciatioue
829 1901 853 1938 e.
869 1881 911 1954 8.)

257 1979 323 2038 186.
365 1977 634 2038 Secundum-De
648 1977 790 2057 oppositis
804 1987 924 2056 ugentes
938 1997 1030 2054 supra
1045 1977 1088 2053 (rr.
1104 1975 1166 2052 28.)
1181 1975 1314 2036 dlximus

212 2076 287 2136 duas
302 2075 435 2136 notiones
446 2076 504 2134 dici
527 2074 676 2154 oppositas
696 2073 921 2144 oorrtrodiclorie,
933 2073 1054 2152 quaudo
1066 2093 1126 2132 uua
1144 2083 1187 2133 est
1197 2073 1316 2152 riruplcx

212 2175 327 2251 ucputio
350 2173 489 2244 alterium
511 2175 654 2232 contrarie
677 2193 756 2245 vero,
771 2173 892 2250 quaudo
914 2172 944 2230 iu
960 2170 1055 2230 eodem
1076 2191 1180 2248 ponere
1203 2172 1315 2250 positae

211 2275 332 2330 ruccirua
355 2294 373 2330 o
393 2293 421 2330 rc
444 2271 564 2330 distant.
607 2270 741 2350 idipsum
768 2271 797 2328 in
822 2268 1071 2348 propositionibus
1085 2269 1312 2344 contradictorie,

213 2368 259 2428 vel
276 2369 420 2428 mrrtrnrie
434 2369 577 2447 oppositis
588 2368 767 2428 verificatur.
809 2367 1067 2428 contradictoriae
1078 2385 1207 2445 namque
1221 2367 1264 2428 ita
1275 2368 1313 2428 ad

212 2465 340 2525 invicem
355 2473 577 2542 comparantur,
594 2473 627 2523 ut
642 2483 701 2523 una
715 2464 882 2541 simpliciter
895 2469 1033 2522 rarnoceot
1047 2463 1182 2536 alteram,
1194 2472 1313 2524 tanturn

210 2582 258 2620 sc:
280 2561 458 2620 affirmando
473 2559 519 2620 vel
545 2559 690 2638 negando,
712 2569 858 2636 quantum
881 2559 998 2632 sufficit,
1019 2571 1052 2620 ut
1074 2559 1169 2620 altera
1191 2581 1251 2621 non
1274 2563 1314 2622 ait

214 2677 301 2717 vera:
323 2658 490 2717 contrariae
519 2677 590 2717 vero
618 2659 647 2716 in
674 2659 804 2716 extrema
828 2659 992 2729 rorrn‘niuot,
1017 2656 1084 2736 plus
1105 2657 1241 2736 negando
1267 2659 1314 2718 vel

212 2754 401 2826 affirmando,
416 2775 507 2832 qnam
524 2754 561 2814 nd
586 2754 708 2814 alterius
730 2754 891 2814 falsitatem
915 2756 1094 2833 requiratur,
1109 2755 1168 2814 imo
1192 2764 1311 2816 tautum
1391 2803 1394 2809 .

211 2863 299 2930 neget
313 2863 365 2911 aut
388 2851 524 2922 affirmet,
540 2863 685 2929 quantum
710 2851 810 2928 negari
827 2851 872 2911 vel
896 2851 1047 2911 affirmari
1062 2853 1161 2930 possit.
1203 2852 1249 2912 Sit
1263 2873 1312 2912 ex-

211 2948 362 3026 emplum:

373 3044 490 3104 “Omne
505 3035 568 3103 Eds
581 3045 737 3123 spirituale
751 3056 794 3106 est
809 3045 977 3106 immortale
987 3046 1012 3104 :''
1161 3047 1192 3106 A

214 3139 353 3201 lit-haec
377 3141 538 3219 propositio
563 3140 639 3200 falsu
663 3141 781 3212 evadat,
796 3141 912 3212 sufficit,
929 3152 962 3201 ut
987 3141 1077 3221 ipsius
1103 3142 1312 3204 universalitas

211 3237 397 3298 destruatur:
420 3237 584 3297 destruitur
606 3258 676 3296 vcro
692 3238 782 3315 ipsius
806 3237 1013 3298 universalitas
1030 3259 1081 3318 per
1095 3237 1181 3299 istam
1207 3259 1311 3318 propo-

210 3334 364 3394 sitiouem:

291 3488 296 3498 ,
374 3431 525 3509 “Aliquod
542 3431 605 3491 Eos
619 3433 774 3510 spirituale
790 3452 847 3492 nou
863 3441 906 3492 est
920 3434 1088 3493 immortale
1099 3434 1124 3493 :'’
1164 3435 1191 3494 Ο

211 3529 242 3588 si
257 3540 356 3589 autem
374 3549 521 3608 opponere
537 3529 666 3590 volueris
681 3529 882 3590 universalem
901 3541 1075 3608 negantem:

373 3627 518 3687 “Nullum
536 3623 599 3686 Eos
615 3627 770 3706 spirituale
784 3640 828 3687 est
842 3627 1009 3688 immortale
1020 3628 1045 3686 :’'
1163 3627 1191 3686 E

212 3726 371 3803 negatione
394 3723 518 3784 ulterius
543 3723 746 3803 progredieris
762 3745 851 3804 quum
876 3745 1023 3784 necessum
1050 3725 1096 3796 sit,
1112 3735 1141 3785 et
1164 3723 1193 3783 iu
1218 3723 1312 3784 altero

211 3822 351 3881 consistes
364 3832 506 3881 extremo.
550 3820 763 3896 Quamobrem.

251 3917 444 3978 (lontradices
456 3918 616 3978 universali
632 3917 830 3978 affirmativae
843 3939 894 3996 per
909 3917 1119 3997 particularem
1135 3917 1306 3994 negativam

210 4027 300 4093 atque
315 4014 425 4074 idcirco
440 4015 478 4086 ri,
500 4014 543 4073 ().·
566 4015 591 4086 Ι,
608 4015 639 4073 Ε
649 4026 737 4074 eruut
751 4013 1005 4074 corrirruiiotoriue:
1027 4016 1198 4075 Contrarias»
1212 4023 1311 4090 autem

209 4121 298 4172 eruut
319 4111 396 4171 ‹lrrae
418 4111 638 4190 propositiones,
653 4123 813 4190 quaesunt
828 4111 1008 4172 universales
1022 4123 1051 4172 et
1072 4110 1218 4189 qualitate
1232 4110 1313 4170 ‹liffe-

211 4220 282 4269 ruut
296 4209 313 4269 i.
329 4231 352 4269 a.
369 4209 406 4282 A,
425 4209 458 4268 Ε.
