3172 4950
523 426 569 485 De
583 425 686 486 Primo
703 426 811 488 Metuis
831 425 1011 504 Operatione.
1284 420 1302 480 7

199 623 253 674 aut
267 616 468 694 operationem
483 629 604 696 spectat.
647 618 792 680 Janrvero
807 619 838 678 id
852 617 940 680 aliter
954 616 1100 697 explicari
1115 615 1227 694 nequit,
1242 614 1300 671 nisi

202 711 320 771 dicatur
334 712 364 771 in
382 726 479 774 rnerrte
500 715 654 792 reprodaci
669 716 745 776 illud
760 715 917 796 objectum.
961 714 1165 792 Quamobrem
1181 731 1302 789 corrcep

203 819 258 879 tus,
272 809 296 868 si
312 809 404 870 relate
418 811 457 870 nd
481 811 716 890 Intelligendum
740 813 951 886 consideretur,
966 825 1009 874 est
1030 810 1211 890 reproductio
1227 829 1301 867 men·

201 905 267 963 tntis
281 903 397 986 objecti,
413 925 503 985 quam
520 908 691 988 intelligens
705 909 778 970 facit
791 909 822 968 in
836 909 940 988 seipso.

243 999 424 1062 Declaratur
439 1001 481 1062 ΙΙ.
505 1003 797 1083 Para-(Jouceptus
812 1005 869 1064 hac
892 1005 1006 1066 ratione
1021 1005 1178 1082 inspectus,
1193 1003 1303 1061 dicitur

200 1099 347 1176 —primo‚
363 1107 510 1178 corroeptus
523 1101 692 1179 subjectivae
706 1114 736 1160 et
742 1102 899 1178 tarrantis:
914 1107 1063 1180 oonoeptua
1077 1100 1215 1179 quidem:
1231 1097 1303 1176 qnia

201 1205 246 1254 «st
259 1195 407 1273 quaedam
425 1196 516 1256 veluti
531 1197 637 1256 mentis
648 1197 814 1276 procreatio
825 1209 855 1256 et
866 1205 986 1276 partus:
1001 1197 1170 1276 subjectans
1184 1203 1303 1264 autem;

202 1292 283 1370 quia,
299 1304 331 1352 ut
346 1304 430 1352 actus
444 1313 495 1352 seu
510 1293 626 1353 affectio
640 1294 765 1372 subjecti
788 1293 982 1373 intelligentis
1003 1293 1226 1353 consideratur:
1241 1291 1303 1370 sor-

203 1390 286 1448 molis
299 1389 420 1449 demum
432 1413 438 1462 ;
455 1391 528 1469 quia
542 1405 585 1451 est
599 1391 777 1451 intrinsecus
788 1391 933 1452 terminus
944 1391 1077 1451 actionis.
1095 1389 1220 1468 (Suarez
1235 1401 1303 1448 mct.

205 1485 240 1546 D.
258 1487 322 1546 Za.
339 1489 364 1546 1.
380 1508 408 1548 n.
426 1487 467 1562 1.)
511 1487 632 1548 Dicitur
655 1489 785 1548 secundo
819 1489 943 1551 Verbum
967 1488 1090 1548 menta:
1122 1487 1195 1566 quia
1223 1505 1304 1545 mens

204 1585 381 1663 cognitione,
396 1607 486 1665 qnam
501 1585 640 1665 acquirit,
655 1586 711 1646 sibi
726 1586 948 1665 quodammodo
963 1585 1107 1664 loquitur.

240 1683 357 1744 Sufficit
372 1685 445 1744 haec
459 1684 547 1744 modo
569 1683 732 1744 iudicasse:
756 1684 930 1762 peritiorem
945 1683 982 1744 de
997 1683 1054 1744 hac
1069 1705 1100 1742 re
1114 1682 1300 1762 explanatio

145 1811 148 1816 ·
202 1800 268 1841 uem
292 1781 499 1860 opportuniori
525 1781 591 1841 loco
617 1781 778 1842 trademus.
820 1781 866 1842 Cf.
892 1781 993 1841 Liber.
1017 1781 1090 1841 Con.
1126 1780 1185 1841 Int.
1208 1802 1235 1840 v.
1264 1799 1299 1840 11.

202 1897 226 1936 c.
242 1876 267 1936 Ι.
285 1898 312 1937 a
328 1877 559 1956 n—Composto
574 1901 598 1938 c.
614 1879 641 1938 3.
656 1899 683 1938 a.
700 1879 924 1958 3.-Kleutgen
946 1877 1089 1939 Filosofia
1104 1889 1176 1940 trac.
1194 1880 1218 1938 l.
1234 1901 1258 1938 c.
1277 1881 1301 1938 1.

240 2071 333 2132 cho.
350 2071 433 2132 ΙΙ.-
440 2073 596 2151 Conceptus
610 2074 699 2133 relato
713 2071 753 2132 od
774 2071 930 2152 Objecttnn,
946 2079 1000 2132 est:
1017 2073 1153 2151 “siparum
1167 2072 1304 2131 reformate

200 2176 227 2228 ct
232 2170 358 2248 smmnte
369 2170 469 2249 objecti
478 2169 712 2250 :''—diciturquc
721 2171 825 2248 specics
836 2191 976 2249 nmmo,
987 2176 1135 2245 wnceptua
1146 2168 1304 2246 objectitms,

194 2266 294 2344 jonna
308 2267 458 2328 intellecto.

242 2459 288 2519 13.
331 2458 377 2520 Ut
393 2459 520 2538 priorem
535 2461 625 2541 hujus
639 2463 808 2523 assertionis
829 2471 946 2542 partem
963 2463 1019 2523 rite
1032 2461 1194 2540 intelligas,
1209 2461 1301 2522 adno-

200 2566 239 2614 ta
281 2553 407 2633 Signum
422 2558 586 2635 generatim
602 2569 661 2618 est:
678 2559 727 2617 “id
739 2578 835 2631 omne,
850 2558 939 2639 quod,
950 2559 997 2620 sui
1011 2559 1187 2638 praesentia,
1203 2570 1304 2638 poten-

203 2653 262 2712 tiae
277 2653 495 2732 cognoscitivae
509 2653 593 2714 aliud
605 2675 624 2714 a
634 2676 665 2716 se
674 2655 825 2716 diversum
839 2655 1068 2734 repraesentat”
1098 2654 1302 2732 Quamobrem

202 2761 246 2812 ast
261 2751 357 2812 veluti
372 2752 504 2812 medinm
529 2752 607 2812 inter
631 2753 807 2832 potentiam,
821 2752 869 2812 oui
885 2762 1088 2831 repraesentat
1102 2771 1174 2824 rem,
1188 2763 1218 2812 et
1232 2772 1304 2824 rem,

201 2867 291 2926 quam
314 2857 523 2927 repraesentat
565 2849 598 2910 Si
612 2848 705 2910 relate
719 2849 758 2909 ad
781 2870 842 2910 rem
857 2848 1068 2920 consideretur,
1083 2848 1140 2909 erit
1155 2847 1200 2910 vol
1216 2859 1302 2910 natu·

203 2944 263 3004 raic
278 2944 325 3005 vel
347 2944 560 3006 arbitrarium:
583 2947 727 3019 naturate,
742 2946 766 3006 si
781 2966 818 3006 ex
834 2955 945 3006 natura
958 2965 1013 3004 sua
1034 2945 1220 3007 connectitur
1234 2966 1302 3006 cum

202 3061 240 3115 re,
264 3043 348 3120 cujus
372 3054 415 3102 ast
437 3041 555 3120 signum
569 3065 581 3114 3¹
598 3043 790 3102 arbitrariam
812 3063 883 3132 vero
905 3043 930 3102 si
944 3062 982 3102 ex
997 3041 1123 3102 arbitrio
1146 3041 1301 3102 hominum

201 3138 387 3198 (eonnectitur
411 3159 478 3198 cnm
505 3161 546 3211 re,
571 3141 655 3218 cujus
679 3149 723 3200 est
747 3140 875 3219 signum.
917 3139 966 3198 Sic
991 3138 1092 3198 sumus
1116 3149 1160 3198 cst
1183 3139 1301 3218 signum

203 3234 341 3294 naturaie
357 3235 442 3313 ignis,
458 3235 547 3294 vestis
561 3234 648 3314 nigra
662 3235 781 3314 signum
796 3234 990 3295 arbitrarium
1006 3238 1112 3295 luctus.
1154 3234 1186 3296 Si
1201 3245 1301 3296 autem

127 3378 134 3390 .
201 3330 319 3409 signnm
335 3331 428 3392 relate
443 3331 481 3392 ad
504 3332 668 3410 potentiam
691 3332 902 3403 consideretur,
918 3343 989 3392 tunc
1004 3332 1061 3392 erit
1075 3331 1122 3392 vel
1137 3332 1303 3410 objectioum

200 3449 251 3490 seu
267 3451 300 3489 at·
324 3451 387 3510 qno,
403 3430 449 3490 vol
475 3433 596 3506 tonante
618 3452 668 3492 seu
694 3432 727 3491 io
748 3431 1054 3512 ‹pao-Objectivnm,
1069 3430 1093 3491 si
1118 3431 1202 3510 prins
1227 3431 1258 3490 in
1272 3451 1303 3491 se

200 3529 396 3608 cognoscitur,
413 3528 568 3608 prioritate
588 3529 694 3590 saltem
709 3537 833 3589 naturae
846 3550 898 3590 seu
912 3528 1136 3608 dependendae,
1151 3537 1180 3588 ct
1195 3527 1302 3588 deinde

200 3647 237 3686 ox
252 3627 298 3686 sui
312 3627 489 3705 cognitione,
504 3627 542 3686 ad
564 3627 763 3706 cognitionem
786 3627 837 3696 rei,
852 3628 936 3706 cujus
950 3638 994 3687 est
1014 3626 1142 3705 signum,
1157 3625 1300 3686 adducit:

201 3723 381 3802 hujusmodi,
395 3734 465 3784 sunt
489 3723 590 3784 omnia
614 3724 700 3803 signa
724 3735 856 3785 externa.
899 3722 1040 3784 Formale
1062 3733 1163 3784 autem
1188 3723 1245 3784 erit
1265 3745 1301 3784 ac

200 3821 325 3894 dicetur,
337 3822 361 3882 si
377 3821 540 3882 immediate
557 3823 698 3882 transtert
708 3823 873 3900 potentiam
889 3821 927 3882 ad
943 3821 1142 3901 cognitionem
1159 3822 1202 3883 rei
1215 3821 1324 3901 signi--

111 3903 121 3926 ⁰
201 3918 316 3990 ficatae,
330 3919 405 3998 quin
431 3929 531 3979 tamen
555 3917 652 3997 ipsum
677 3920 765 3997 prius
789 3920 822 3978 in
843 3940 871 3980 so
893 3927 1108 3998 cognoscatur:
1130 3918 1303 3998 hujusmodi

200 4026 274 4076 isset
289 4036 317 4076 v.
332 4037 360 4094 g.
375 4014 540 4094 speculum,
555 4015 586 4074 in
609 4035 670 4093 quo
695 4024 865 4075 cerneretur
889 4035 943 4088 res,
958 4034 1017 4074 non
1032 4015 1178 4076 excedens
1201 4025 1303 4076 tamen

201 4111 241 4182 id,
256 4111 336 4190 quod
353 4111 382 4170 in
397 4132 432 4171 eo
446 4110 579 4172 cernitur
603 4111 647 4188 (S.
663 4111 718 4171 Th.
734 4111 845 4190 Opnsc.
862 4112 908 4172 14.
923 4111 961 4170 de
983 4109 1104 4171 Natura
1119 4111 1248 4186 Verbi):
1271 4111 1302 4171 in

201 4210 257 4269 hac
271 4209 438 4288 hypothesi,
453 4209 507 4269 etsi
522 4209 597 4270 visio
617 4221 761 4289 spectata,
776 4210 906 4282 utactio,
921 4209 1135 4270 terminaretur
1148 4211 1187 4271 ad
1201 4232 1304 4290 specu-

201 4306 274 4379 lum,
293 4317 435 4386 ‘spectata
462 4316 573 4381 tamen,
601 4319 636 4368 ut
663 4308 795 4386 copat'tt‘o,
824 4307 1037 4368 terminaretur
1070 4307 1237 4370 immediate
1263 4309 1301 4370 ad

198 4401 347 4482 objectum
363 4403 393 4462 in
408 4403 528 4482 speculo
542 4413 805 4483 repraesentatum.
847 4403 941 4466 Hisce
955 4405 1117 4494 adnotatis,
