3118 4956
426 436 472 494 De
499 437 593 495 Tertia
616 435 721 495 Maon
748 435 928 512 Operatione.
1167 436 1223 496 193

178 631 190 696 l
205 631 394 708 a)-—-Neyato
408 651 467 688 uno
482 630 513 688 in
529 630 645 702 minori,
660 629 823 708 affirmatur
837 629 959 688 aarum
973 629 1004 689 in
1020 614 1223 689 conclusionei

176 697 431 790 lli)-Affitmoto
445 731 504 770 uon
519 710 550 769 in
572 710 688 781 minori,
703 717 827 787 περαίαν
841 709 962 768 ultim
977 711 1006 768 in
1029 710 1224 770 conclusione.

164 807 332 883 b)-Plura
347 808 500 867 membra:

128 907 245 984 triplex
259 907 315 965 erit
329 905 479 985 legitimus
494 903 639 984 arguendi
653 903 773 962 modus:

167 1034 363 1114 11²-Neyoto
387 1058 446 1096 uno
468 1037 499 1094 in
524 1036 640 1110 minori,
656 1037 839 1115 affirmantur
860 1044 970 1096 anetem
992 1037 1022 1095 in
1037 1021 1225 1095 conelulsioue

139 1057 151 1113 l.

130 1120 170 1276 l

143 1315 147 1354 l

207 1116 239 1174 ti
259 1117 383 1177 'aiodian

214 1196 376 1274 —Neyutis
389 1197 522 1256 otnoibus
536 1199 566 1256 in
582 1198 697 1269 minori,
710 1203 826 1275 praeter
839 1219 942 1269 unum,
956 1197 1006 1255 too
1021 1197 1050 1255 in
1065 1194 1226 1256 eonolusio

210 1297 246 1336 ne
261 1277 430 1355 uffimmtur.

165 1357 389 1436 7')—offlrmuto
409 1379 468 1417 urso
493 1358 522 1416 in
550 1359 666 1428 minori,
682 1365 826 1436 nequatur
849 1365 960 1416 coetero
987 1358 1018 1416 in
1039 1357 1227 1416 oonelmione

153 1507 156 1510 ,
208 1439 371 1514 maisve.

169 1583 235 1644 Has
250 1585 394 1662 arguendi
422 1587 550 1646 rationes
564 1588 705 1664 loyilimm
729 1607 789 1647 esse
814 1588 878 1666 ipsa
903 1595 1011 1646 nutura
1038 1587 1228 1665 ementitas

124 1681 343 1742 enunciationis
358 1684 494 1756 ostendit,
507 1685 590 1762 cujus
605 1684 739 1745 membra
753 1693 905 1763 nequeunt
918 1705 979 1746 esse
988 1684 1036 1744 vel
1051 1686 1140 1744 simul
1152 1706 1227 1756 veru,

127 1777 175 1836 vel
190 1779 363 1854 simldsulso
374 1780 418 1856 (n.
435 1780 526 1856 172).
570 1780 660 1856 Quod
674 1779 698 1840 si
714 1780 896 1861 disjunctiva
909 1791 954 1840 est
966 1783 1138 1859 imptoprim
1152 1801 1227 1840 unus

127 1886 244 1934 tantum
260 1877 317 1936 erit
330 1877 476 1955 arguendi
493 1877 596 1938 modus
619 1878 778 1956 legitimus,
793 1899 852 1956 quo
866 1899 911 1937 so:
934 1885 1038 1955 aepoto
1062 1897 1122 1936 una
1145 1889 1228 1954 purte

126 1973 157 2030 iu
183 1973 299 2046 minori,
322 1975 512 2034 concluditur
535 1974 631 2035 altera
659 1975 936 2054 affim‹1tioo:nam
964 1975 989 2035 si
1017 1975 1046 2034 in
1076 1975 1140 2053 ipsa
1169 1995 1227 2032 lina

124 2072 223 2130 sitim
246 2091 314 2150 pars
329 2071 475 2132 verificari
490 2071 586 2144 debet,
603 2072 732 2152 profesto
747 2080 856 2150 negata
870 2093 939 2142 nna,
954 2071 1050 2132 alteru
1064 2071 1229 2130 affirmetur

127 2187 279 2226 omassum
294 2169 365 2228 erit:
388 2180 421 2229 at
434 2170 570 2248 opposita
583 2169 723 2230 deductio
738 2169 800 2229 lieri
815 2171 926 2248 nequit.

168 2265 236 2324 239.
280 2263 577 2345 Ill-Syllogismus
605 2267 809 2343 conjunctim
824 2267 941 2326 unieam
965 2265 1056 2325 habet
1081 2264 1227 2343 arguendi

128 2360 272 2432 rationem
299 2360 474 2439 legitimam,
499 2381 559 2442 qua
582 2383 628 2422 so:
661 2361 801 2440 offirmato
824 2383 884 2420 uno
908 2361 1029 2420 noembro
1055 2362 1085 2418 in
1111 2359 1228 2431 minori,

127 2459 249 2518 ‘mentm
271 2459 405 2537 nouando
419 2460 562 2520 concludit
577 2481 604 2520 v.
619 2483 646 2539 g.

385 2581 394 2685 l
412 2573 508 2668 Nemo
525 2582 619 2668 potest
634 2573 702 2668 Deo
712 2574 824 2634 servire
839 2583 869 2632 et
883 2593 1079 2642 mammonae,
1098 2601 1118 2640 ,-

294 2665 298 2672 ’
381 2691 388 2698 -
414 2656 508 2733 Atqui
524 2654 611 2715 multi
625 2663 762 2714 serviunt
782 2673 986 2714 mammonae:

322 2745 327 2756 “
385 2713 402 2812 l
412 2723 494 2812 Ergo
509 2733 596 2794 multi
612 2755 670 2814 non
683 2735 820 2796 serviunt
834 2733 907 2794 Deo.

171 1195 194 1250 i!

130 2847 197 2907 Non
217 2859 316 2908 tannen
332 2847 405 2908 mihi
420 2847 490 2908 lieet
503 2867 628 2927 arguere

384 2960 507 3120 {Atqui
524 2961 611 3020 multi
626 2981 685 3020 non
699 2961 833 3020 serviunt
848 2979 1037 3020 mammonae

412 3040 495 3119 Ergo
508 3040 645 3101 serviunt
658 3040 733 3100 Deo.

130 3156 211 3216 Nam
227 3155 364 3234 quamvis
379 3156 408 3212 in
425 3153 615 3232 conjunctiva
637 3163 804 3215 statuamus
817 3153 877 3213 duo
892 3173 950 3214 non
976 3175 1058 3232 posse
1071 3175 1132 3214 esse
1145 3156 1232 3214 simut

130 3275 205 3324 uero,
220 3273 278 3312 uon
304 3263 402 3313 tannen
418 3273 455 3310 ex
470 3271 565 3330 aequo
585 3253 744 3313 statuimus
759 3271 816 3310 non
844 3271 926 3331 posse
950 3271 1010 3311 esse
1034 3253 1121 3311 simul
1140 3253 1228 3328 satam

127 3351 178 3409 Sis
193 3350 223 3408 in
239 3351 331 3409 citato
345 3349 492 3426 exemplo,
504 3349 556 3408 etsi
574 3347 661 3408 multi
674 3368 730 3406 non
743 3347 876 3407 serviant
891 3343 1078 3406 mammonae
1091 3359 1229 3426 potemnt

129 3459 231 3506 tamen
245 3445 356 3504 servire
370 3445 437 3504 aliis
453 3445 548 3516 rebus,
562 3455 594 3504 et
607 3465 664 3504 non
682 3443 755 3504 Deo.

171 3525 306 3602 Allverte
326 3551 436 3614 tumen,
451 3541 530 3620 quod
553 3541 674 3620 quando
696 3541 888 3620 conjunctiva
910 3543 1094 3602 eonvertitur
1118 3543 1148 3601 in
1174 3543 1231 3602 dis-

122 3641 295 3718 junctivam
318 3639 413 3719 (quod
439 3650 511 3700 tunc
532 3639 591 3712 liet,
606 3659 698 3717 quum
724 3637 867 3708 membro,
882 3659 958 3717 quae
984 3637 1013 3696 in
1039 3639 1230 3717 conjunctiva
1312 3673 1316 3681 ·

128 3746 353 3808 enumerantur,
368 3749 438 3797 sunt
452 3738 561 3808 omnia,
576 3757 653 3816 quae
667 3737 765 3797 locum
788 3737 901 3797 habeut
914 3737 944 3795 in
960 3736 1014 3796 illa
1030 3743 1074 3808 re)
1096 3736 1231 3816 syllogis-

130 3853 197 3892 mus
212 3833 419 3911 conjunctivus
439 3833 541 3893 eodem
564 3833 652 3892 modo
666 3832 843 3892 concludere
865 3841 960 3910 potest
975 3853 1010 3892 ao
1025 3832 1230 3912 disjunctivae,

130 3931 180 3990 oui
196 3928 375 4008 aequivalet.

167 4027 273 4105 Atque
287 4027 360 4087 haee
374 4027 412 4087 de
425 4028 598 4106 syllogismo
612 4027 775 4104 composito
789 4027 870 4086 dieta
879 4025 1037 4087 suffioiant.
1080 4025 1230 4105 Equidem

128 4124 234 4184 linisset
255 4124 329 4184 mihi
353 4124 384 4184 in
408 4125 509 4184 animo
532 4124 661 4203 penitius
683 4123 761 4183 hane
783 4123 984 4201 quaestionem
1007 4123 1145 4184 evolvere
1173 4145 1232 4186 mo

128 4223 261 4298 dumque
284 4221 401 4281 trudere
415 4242 474 4300 quo
487 4220 678 4300 syllogismus
699 4219 909 4299 hypotheticus
922 4220 962 4280 ad
976 4221 1176 4298 categoricum
1192 4243 1234 4281 re

127 4329 260 4391 vetetur,
275 4331 305 4378 et
318 4318 355 4378 de
369 4317 556 4397 syllogismis
564 4315 734 4389 potuum,
749 4317 922 4395 praesertim
937 4315 1057 4394 quando
1072 4318 1233 4396 propositio

658 4415 697 4472 to
