<?xml version="1.0" encoding="UTF-8"?>
<!DOCTYPE html PUBLIC "-//W3C//DTD XHTML 1.0 Transitional//EN"
    "http://www.w3.org/TR/xhtml1/DTD/xhtml1-transitional.dtd">
<html xmlns="http://www.w3.org/1999/xhtml" xml:lang="en" lang="en">
 <head>
  <title>
</title>
<meta http-equiv="Content-Type" content="text/html;charset=utf-8" />
  <meta name='ocr-system' content='tesseract 3.04.00' />
  <meta name='ocr-capabilities' content='ocr_page ocr_carea ocr_par ocr_line ocrx_word'/>
</head>
<body>
  <div class='ocr_page' id='page_1' title='image "./logicaegenerali00schigoog_0317.png"; bbox 0 0 3138 4956; ppageno 0'>
   <div class='ocr_carea' id='block_1_1' title="bbox 333 427 948 516">
    <p class='ocr_par' dir='ltr' id='par_1_1' title="bbox 333 427 948 516">
     <span class='ocr_line' id='line_1_1' title="bbox 333 427 948 516; baseline -0.002 -18"><span class='ocrx_word' id='word_1_1' title='bbox 333 436 392 498; x_wconf 89' lang='lat'><strong>300</strong></span> <span class='ocrx_word' id='word_1_2' title='bbox 688 427 692 436; x_wconf 88' lang='grc'><strong>’</strong></span> <span class='ocrx_word' id='word_1_3' title='bbox 829 437 948 516; x_wconf 66' lang='lat' dir='ltr'><strong>myra.</strong></span> 
     </span>
    </p>
   </div>
   <div class='ocr_carea' id='block_1_2' title="bbox 322 629 1539 4392">
    <p class='ocr_par' dir='ltr' id='par_1_2' title="bbox 322 629 1473 1096">
     <span class='ocr_line' id='line_1_2' title="bbox 332 629 1468 710; baseline 0.003 -22"><span class='ocrx_word' id='word_1_4' title='bbox 332 630 509 709; x_wconf 88' lang='lat' dir='ltr'><strong>quibusdam</strong></span> <span class='ocrx_word' id='word_1_5' title='bbox 536 629 738 710; x_wconf 86' lang='lat' dir='ltr'><strong>peculiaribus</strong></span> <span class='ocrx_word' id='word_1_6' title='bbox 751 633 883 710; x_wconf 76' lang='lat' dir='ltr'><strong>applicet,</strong></span> <span class='ocrx_word' id='word_1_7' title='bbox 898 653 1024 710; x_wconf 88' lang='lat' dir='ltr'><strong>quorum</strong></span> <span class='ocrx_word' id='word_1_8' title='bbox 1040 631 1088 692; x_wconf 88' lang='lat' dir='ltr'><strong>vel</strong></span> <span class='ocrx_word' id='word_1_9' title='bbox 1112 633 1287 692; x_wconf 78' lang='lat' dir='ltr'><strong>memoriam</strong></span> <span class='ocrx_word' id='word_1_10' title='bbox 1318 633 1435 702; x_wconf 84' lang='lat' dir='ltr'><strong>retinet,</strong></span> <span class='ocrx_word' id='word_1_11' title='bbox 1463 659 1468 666; x_wconf 94' lang='lat'>·</span> 
     </span>
     <span class='ocr_line' id='line_1_3' title="bbox 331 726 1473 807; baseline -0.004 -17"><span class='ocrx_word' id='word_1_12' title='bbox 331 726 378 790; x_wconf 88' lang='lat' dir='ltr'><strong>vel</strong></span> <span class='ocrx_word' id='word_1_13' title='bbox 394 737 463 788; x_wconf 91' lang='lat' dir='ltr'><strong>actu</strong></span> <span class='ocrx_word' id='word_1_14' title='bbox 486 728 724 807; x_wconf 73' lang='lat' dir='ltr'><strong>experimentum</strong></span> <span class='ocrx_word' id='word_1_15' title='bbox 747 729 847 789; x_wconf 86' lang='lat' dir='ltr'><strong>sumit.</strong></span> <span class='ocrx_word' id='word_1_16' title='bbox 890 727 960 788; x_wconf 87' lang='lat' dir='ltr'><strong>Hoc</strong></span> <span class='ocrx_word' id='word_1_17' title='bbox 983 738 1084 788; x_wconf 88' lang='lat' dir='ltr'><strong>autem</strong></span> <span class='ocrx_word' id='word_1_18' title='bbox 1109 727 1273 807; x_wconf 80' lang='lat' dir='ltr'>dupliciter</span> <span class='ocrx_word' id='word_1_19' title='bbox 1294 727 1432 806; x_wconf 86' lang='lat' dir='ltr'><strong>perlicere</strong></span> <span class='ocrx_word' id='word_1_20' title='bbox 1470 738 1473 747; x_wconf 89' lang='lat'>&#39;</span> 
     </span>
     <span class='ocr_line' id='line_1_4' title="bbox 331 823 1434 903; baseline 0 -21"><span class='ocrx_word' id='word_1_21' title='bbox 331 834 443 900; x_wconf 82' lang='lat' dir='ltr'><strong>potest:</strong></span> <span class='ocrx_word' id='word_1_22' title='bbox 465 824 513 884; x_wconf 86' lang='lat' dir='ltr'><strong>uel</strong></span> <span class='ocrx_word' id='word_1_23' title='bbox 533 826 655 902; x_wconf 85' lang='lat' dir='ltr'><strong>proprio</strong></span> <span class='ocrx_word' id='word_1_24' title='bbox 676 831 776 896; x_wconf 84' lang='lat' dir='ltr'><strong>morte,</strong></span> <span class='ocrx_word' id='word_1_25' title='bbox 791 824 838 884; x_wconf 89' lang='lat' dir='ltr'><strong>vel</strong></span> <span class='ocrx_word' id='word_1_26' title='bbox 854 824 942 884; x_wconf 69' lang='lat' dir='ltr'><strong>dictu</strong></span> <span class='ocrx_word' id='word_1_27' title='bbox 965 825 1085 884; x_wconf 75' lang='lat' dir='ltr'><strong>aderint</strong></span> <span class='ocrx_word' id='word_1_28' title='bbox 1105 825 1247 884; x_wconf 78' lang='lat' dir='ltr'><strong>doctioria</strong></span> <span class='ocrx_word' id='word_1_29' title='bbox 1288 823 1396 903; x_wconf 81' lang='lat' dir='ltr'>Atqui,</span> <span class='ocrx_word' id='word_1_30' title='bbox 1409 826 1434 883; x_wconf 86' lang='lat' dir='ltr'><strong>si</strong></span> 
     </span>
     <span class='ocr_line' id='line_1_5' title="bbox 330 919 1433 1000; baseline 0 -20"><span class='ocrx_word' id='word_1_31' title='bbox 330 922 470 1000; x_wconf 91' lang='lat' dir='ltr'><strong>primum,</strong></span> <span class='ocrx_word' id='word_1_32' title='bbox 485 921 614 982; x_wconf 78' lang='lat' dir='ltr'><strong>liabetur</strong></span> <span class='ocrx_word' id='word_1_33' title='bbox 627 921 774 980; x_wconf 78' lang='lat' dir='ltr'><strong>irtomtio:</strong></span> <span class='ocrx_word' id='word_1_34' title='bbox 788 921 813 980; x_wconf 90' lang='lat' dir='ltr'><strong>si</strong></span> <span class='ocrx_word' id='word_1_35' title='bbox 826 922 999 993; x_wconf 87' lang='lat' dir='ltr'><strong>secundum,</strong></span> <span class='ocrx_word' id='word_1_36' title='bbox 1014 921 1179 999; x_wconf 82' lang='lat' dir='ltr'><strong>diccipiinn.</strong></span> <span class='ocrx_word' id='word_1_37' title='bbox 1221 919 1307 1000; x_wconf 83' lang='lat' dir='ltr'><strong>Ergo</strong></span> <span class='ocrx_word' id='word_1_38' title='bbox 1322 921 1433 998; x_wconf 82' lang='lat' dir='ltr'><strong>duplici</strong></span> 
     </span>
     <span class='ocr_line' id='line_1_6' title="bbox 322 1007 1315 1096; baseline 0.001 -20"><span class='ocrx_word' id='word_1_39' title='bbox 322 1007 377 1078; x_wconf 61' lang='lat' dir='ltr'><strong>&#39;uia</strong></span> <span class='ocrx_word' id='word_1_40' title='bbox 392 1039 474 1078; x_wconf 86' lang='lat' dir='ltr'><strong>mena</strong></span> <span class='ocrx_word' id='word_1_41' title='bbox 487 1018 641 1078; x_wconf 86' lang='lat' dir='ltr'><strong>scientiam</strong></span> <span class='ocrx_word' id='word_1_42' title='bbox 664 1017 803 1096; x_wconf 77' lang='lat' dir='ltr'><strong>acquirit,</strong></span> <span class='ocrx_word' id='word_1_43' title='bbox 816 1020 981 1078; x_wconf 75' lang='lat' dir='ltr'><em>inventione</em></span> <span class='ocrx_word' id='word_1_44' title='bbox 994 1039 1041 1078; x_wconf 85' lang='lat' dir='ltr'><strong>sc:</strong></span> <span class='ocrx_word' id='word_1_45' title='bbox 1063 1029 1093 1078; x_wconf 87' lang='lat' dir='ltr'><strong>ct</strong></span> <span class='ocrx_word' id='word_1_46' title='bbox 1107 1017 1315 1096; x_wconf 72' lang='lat' dir='ltr'><strong>disciplina.-</strong></span> 
     </span>
    </p>

    <p class='ocr_par' dir='ltr' id='par_1_3' title="bbox 325 1113 1434 1870">
     <span class='ocr_line' id='line_1_7' title="bbox 371 1113 1432 1194; baseline 0 -20"><span class='ocrx_word' id='word_1_47' title='bbox 371 1114 439 1174; x_wconf 82' lang='lat'>351.</span> <span class='ocrx_word' id='word_1_48' title='bbox 482 1113 634 1174; x_wconf 81' lang='lat' dir='ltr'><strong>Probatur</strong></span> <span class='ocrx_word' id='word_1_49' title='bbox 649 1133 683 1174; x_wconf 89' lang='lat'><strong>11.</strong></span> <span class='ocrx_word' id='word_1_50' title='bbox 699 1113 901 1193; x_wconf 77' lang='lat' dir='ltr'><strong>para-Illud</strong></span> <span class='ocrx_word' id='word_1_51' title='bbox 918 1127 961 1175; x_wconf 86' lang='lat' dir='ltr'><strong>est</strong></span> <span class='ocrx_word' id='word_1_52' title='bbox 975 1117 1281 1193; x_wconf 60' lang='lat' dir='ltr'><strong>remitteremus,</strong></span> <span class='ocrx_word' id='word_1_53' title='bbox 1296 1115 1375 1194; x_wconf 91' lang='lat' dir='ltr'><strong>quod</strong></span> <span class='ocrx_word' id='word_1_54' title='bbox 1391 1127 1432 1175; x_wconf 74' lang='lat' dir='ltr'><strong>est</strong></span> 
     </span>
     <span class='ocr_line' id='line_1_8' title="bbox 328 1211 1434 1291; baseline 0.001 -21"><span class='ocrx_word' id='word_1_55' title='bbox 328 1213 447 1270; x_wconf 83' lang='lat' dir='ltr'><strong>initium</strong></span> <span class='ocrx_word' id='word_1_56' title='bbox 457 1232 635 1290; x_wconf 74' lang='lat' dir='ltr'><strong>propreenm.</strong></span> <span class='ocrx_word' id='word_1_57' title='bbox 670 1211 767 1290; x_wconf 80' lang='lat' dir='ltr'>Atqui</span> <span class='ocrx_word' id='word_1_58' title='bbox 782 1214 900 1272; x_wconf 75' lang='lat' dir='ltr'><strong>initiato</strong></span> <span class='ocrx_word' id='word_1_59' title='bbox 911 1233 1089 1290; x_wconf 66' lang='lat' dir='ltr'><strong>procreante,</strong></span> <span class='ocrx_word' id='word_1_60' title='bbox 1103 1213 1201 1291; x_wconf 86' lang='lat' dir='ltr'><strong>quoad</strong></span> <span class='ocrx_word' id='word_1_61' title='bbox 1218 1224 1333 1291; x_wconf 83' lang='lat' dir='ltr'><strong>purtem</strong></span> <span class='ocrx_word' id='word_1_62' title='bbox 1348 1213 1434 1271; x_wconf 83' lang='lat' dir='ltr'><strong>rutin-</strong></span> 
     </span>
     <span class='ocr_line' id='line_1_9' title="bbox 329 1307 1432 1388; baseline 0.001 -22"><span class='ocrx_word' id='word_1_63' title='bbox 329 1308 433 1380; x_wconf 83' lang='lat' dir='ltr'><strong>nnlem,</strong></span> <span class='ocrx_word' id='word_1_64' title='bbox 456 1327 516 1388; x_wconf 87' lang='lat' dir='ltr'><strong>qua</strong></span> <span class='ocrx_word' id='word_1_65' title='bbox 538 1307 663 1368; x_wconf 89' lang='lat' dir='ltr'><strong>scientia</strong></span> <span class='ocrx_word' id='word_1_66' title='bbox 685 1317 810 1380; x_wconf 82' lang='lat' dir='ltr'><strong>constat,</strong></span> <span class='ocrx_word' id='word_1_67' title='bbox 834 1307 967 1368; x_wconf 87' lang='lat' dir='ltr'><strong>cernitur</strong></span> <span class='ocrx_word' id='word_1_68' title='bbox 988 1307 1018 1368; x_wconf 91' lang='lat' dir='ltr'><strong>iu</strong></span> <span class='ocrx_word' id='word_1_69' title='bbox 1042 1307 1145 1386; x_wconf 86' lang='lat' dir='ltr'><strong>primis</strong></span> <span class='ocrx_word' id='word_1_70' title='bbox 1167 1309 1333 1387; x_wconf 76' lang='lat' dir='ltr'><strong>principiis,</strong></span> <span class='ocrx_word' id='word_1_71' title='bbox 1347 1327 1432 1386; x_wconf 83' lang='lat' dir='ltr'><strong>quae,</strong></span> 
     </span>
     <span class='ocr_line' id='line_1_10' title="bbox 330 1404 1431 1484; baseline 0.001 -21"><span class='ocrx_word' id='word_1_72' title='bbox 330 1424 397 1463; x_wconf 90' lang='lat' dir='ltr'><strong>cum</strong></span> <span class='ocrx_word' id='word_1_73' title='bbox 413 1404 588 1466; x_wconf 86' lang='lat' dir='ltr'><strong>immediata</strong></span> <span class='ocrx_word' id='word_1_74' title='bbox 604 1405 738 1482; x_wconf 81' lang='lat' dir='ltr'><strong>gaudem</strong></span> <span class='ocrx_word' id='word_1_75' title='bbox 751 1404 912 1476; x_wconf 83' lang='lat' dir='ltr'><strong>euidentia,</strong></span> <span class='ocrx_word' id='word_1_76' title='bbox 927 1404 1003 1463; x_wconf 93' lang='lat' dir='ltr'><strong>nulli</strong></span> <span class='ocrx_word' id='word_1_77' title='bbox 1025 1404 1226 1484; x_wconf 85' lang='lat' dir='ltr'><strong>subjiciuntur</strong></span> <span class='ocrx_word' id='word_1_78' title='bbox 1249 1405 1431 1464; x_wconf 86' lang='lat' dir='ltr'><strong>demonstra-</strong></span> 
     </span>
     <span class='ocr_line' id='line_1_11' title="bbox 328 1499 1429 1580; baseline -0.002 -20"><span class='ocrx_word' id='word_1_79' title='bbox 328 1499 402 1560; x_wconf 91' lang='lat' dir='ltr'><strong>tioni</strong></span> <span class='ocrx_word' id='word_1_80' title='bbox 426 1502 468 1576; x_wconf 88' lang='lat' dir='ltr'><strong>(n.</strong></span> <span class='ocrx_word' id='word_1_81' title='bbox 492 1501 594 1576; x_wconf 86' lang='lat'>304.);</span> <span class='ocrx_word' id='word_1_82' title='bbox 616 1501 716 1580; x_wconf 88' lang='lat' dir='ltr'><strong>quoad</strong></span> <span class='ocrx_word' id='word_1_83' title='bbox 739 1511 854 1579; x_wconf 90' lang='lat' dir='ltr'><strong>partem</strong></span> <span class='ocrx_word' id='word_1_84' title='bbox 878 1521 948 1560; x_wconf 89' lang='lat' dir='ltr'><strong>vero</strong></span> <span class='ocrx_word' id='word_1_85' title='bbox 971 1501 1229 1578; x_wconf 77' lang='lat' dir='ltr'><strong>ceperitnentnlem,</strong></span> <span class='ocrx_word' id='word_1_86' title='bbox 1244 1501 1377 1561; x_wconf 88' lang='lat' dir='ltr'><strong>cernitur</strong></span> <span class='ocrx_word' id='word_1_87' title='bbox 1399 1501 1429 1559; x_wconf 93' lang='lat' dir='ltr'><strong>in</strong></span> 
     </span>
     <span class='ocr_line' id='line_1_12' title="bbox 328 1590 1431 1677; baseline 0.001 -21"><span class='ocrx_word' id='word_1_88' title='bbox 328 1596 458 1658; x_wconf 87' lang='lat' dir='ltr'><strong>evidenti</strong></span> <span class='ocrx_word' id='word_1_89' title='bbox 482 1590 670 1676; x_wconf 86' lang='lat' dir='ltr'><strong>perceptione</strong></span> <span class='ocrx_word' id='word_1_90' title='bbox 684 1617 822 1658; x_wconf 88' lang='lat' dir='ltr'><strong>sensuum</strong></span> <span class='ocrx_word' id='word_1_91' title='bbox 844 1607 874 1658; x_wconf 91' lang='lat' dir='ltr'><strong>et</strong></span> <span class='ocrx_word' id='word_1_92' title='bbox 887 1598 1093 1670; x_wconf 89' lang='lat' dir='ltr'><strong>conscientiae,</strong></span> <span class='ocrx_word' id='word_1_93' title='bbox 1107 1618 1168 1677; x_wconf 90' lang='lat' dir='ltr'><strong>qua</strong></span> <span class='ocrx_word' id='word_1_94' title='bbox 1191 1598 1353 1658; x_wconf 76' lang='lat' dir='ltr'><strong>existentia</strong></span> <span class='ocrx_word' id='word_1_95' title='bbox 1366 1597 1431 1676; x_wconf 85' lang='lat' dir='ltr'><strong>ipsa</strong></span> 
     </span>
     <span class='ocr_line' id='line_1_13' title="bbox 325 1693 1429 1774; baseline 0 -20"><span class='ocrx_word' id='word_1_96' title='bbox 325 1715 380 1772; x_wconf 87' lang='lat' dir='ltr'><strong>per</strong></span> <span class='ocrx_word' id='word_1_97' title='bbox 388 1715 417 1754; x_wconf 77' lang='lat' dir='ltr'><strong>te</strong></span> <span class='ocrx_word' id='word_1_98' title='bbox 430 1695 675 1774; x_wconf 81' lang='lat' dir='ltr'><strong>apprehenditur,</strong></span> <span class='ocrx_word' id='word_1_99' title='bbox 687 1705 778 1773; x_wconf 86' lang='lat' dir='ltr'><strong>atque</strong></span> <span class='ocrx_word' id='word_1_100' title='bbox 789 1694 832 1754; x_wconf 92' lang='lat' dir='ltr'><strong>ita</strong></span> <span class='ocrx_word' id='word_1_101' title='bbox 845 1693 1074 1754; x_wconf 90' lang='lat' dir='ltr'><strong>fundumentum</strong></span> <span class='ocrx_word' id='word_1_102' title='bbox 1086 1693 1305 1774; x_wconf 89' lang='lat' dir='ltr'><strong>suppeditatur,</strong></span> <span class='ocrx_word' id='word_1_103' title='bbox 1316 1715 1376 1773; x_wconf 91' lang='lat' dir='ltr'><strong>quo</strong></span> <span class='ocrx_word' id='word_1_104' title='bbox 1390 1693 1429 1754; x_wconf 89' lang='lat' dir='ltr'><strong>ab</strong></span> 
     </span>
     <span class='ocr_line' id='line_1_14' title="bbox 326 1789 1428 1870; baseline -0.001 -20"><span class='ocrx_word' id='word_1_105' title='bbox 326 1791 431 1850; x_wconf 88' lang='lat' dir='ltr'><strong>ordine</strong></span> <span class='ocrx_word' id='word_1_106' title='bbox 443 1791 536 1852; x_wconf 71' lang='grc' dir='ltr'><strong><em>ι’ἀσαῐί</em></strong></span> <span class='ocrx_word' id='word_1_107' title='bbox 549 1791 588 1851; x_wconf 88' lang='lat' dir='ltr'><strong>ad</strong></span> <span class='ocrx_word' id='word_1_108' title='bbox 608 1791 715 1851; x_wconf 84' lang='lat' dir='ltr'><strong>realem</strong></span> <span class='ocrx_word' id='word_1_109' title='bbox 736 1789 790 1852; x_wconf 88' lang='lat' dir='ltr'><strong>liat</strong></span> <span class='ocrx_word' id='word_1_110' title='bbox 811 1790 930 1870; x_wconf 78' lang='lat' dir='ltr'><strong>gradus</strong></span> <span class='ocrx_word' id='word_1_111' title='bbox 975 1789 1153 1870; x_wconf 74' lang='lat' dir='ltr'><strong>Euge-Cf.</strong></span> <span class='ocrx_word' id='word_1_112' title='bbox 1179 1791 1358 1852; x_wconf 86' lang='lat' dir='ltr'><strong>Liberatore</strong></span> <span class='ocrx_word' id='word_1_113' title='bbox 1380 1811 1428 1850; x_wconf 92' lang='lat' dir='ltr'><strong>nn.</strong></span> 
     </span>
    </p>

    <p class='ocr_par' dir='ltr' id='par_1_4' title="bbox 328 1888 513 1967">
     <span class='ocr_line' id='line_1_15' title="bbox 328 1888 513 1967; baseline 0.022 -23"><span class='ocrx_word' id='word_1_114' title='bbox 328 1888 395 1949; x_wconf 84' lang='lat'>275.</span> <span class='ocrx_word' id='word_1_115' title='bbox 411 1897 513 1967; x_wconf 87' lang='lat' dir='ltr'><strong>etseq.</strong></span> 
     </span>
    </p>

    <p class='ocr_par' dir='ltr' id='par_1_5' title="bbox 329 1985 1430 2162">
     <span class='ocr_line' id='line_1_16' title="bbox 368 1985 1430 2066; baseline 0.002 -20"><span class='ocrx_word' id='word_1_116' title='bbox 368 1985 435 2046; x_wconf 81' lang='lat'>352.</span> <span class='ocrx_word' id='word_1_117' title='bbox 478 1985 823 2062; x_wconf 74' lang='lat' dir='ltr'><strong>Quamne-Quomodo</strong></span> <span class='ocrx_word' id='word_1_118' title='bbox 844 1986 990 2066; x_wconf 85' lang='lat' dir='ltr'><strong>Magister</strong></span> <span class='ocrx_word' id='word_1_119' title='bbox 1010 1993 1109 2048; x_wconf 84' lang='lat' dir='ltr'><strong>causet</strong></span> <span class='ocrx_word' id='word_1_120' title='bbox 1129 1990 1278 2048; x_wconf 72' lang='lat' dir='ltr'><strong>amentiam</strong></span> <span class='ocrx_word' id='word_1_121' title='bbox 1292 1988 1324 2046; x_wconf 92' lang='lat' dir='ltr'><strong>in</strong></span> <span class='ocrx_word' id='word_1_122' title='bbox 1345 1987 1430 2048; x_wconf 88' lang='lat' dir='ltr'><strong>disci·</strong></span> 
     </span>
     <span class='ocr_line' id='line_1_17' title="bbox 329 2084 463 2162; baseline 0.015 -20"><span class='ocrx_word' id='word_1_123' title='bbox 329 2084 463 2162; x_wconf 80' lang='lat' dir='ltr'><strong>pulo?-</strong></span> 
     </span>
    </p>

    <p class='ocr_par' dir='ltr' id='par_1_6' title="bbox 325 2179 1539 2744">
     <span class='ocr_line' id='line_1_18' title="bbox 368 2179 1429 2260; baseline 0.002 -20"><span class='ocrx_word' id='word_1_124' title='bbox 368 2180 664 2260; x_wconf 64' lang='lat' dir='ltr'><strong>nemnem-Non</strong></span> <span class='ocrx_word' id='word_1_125' title='bbox 675 2180 795 2260; x_wconf 89' lang='lat' dir='ltr'><strong>quidem</strong></span> <span class='ocrx_word' id='word_1_126' title='bbox 813 2192 846 2242; x_wconf 90' lang='lat' dir='ltr'><strong>ut</strong></span> <span class='ocrx_word' id='word_1_127' title='bbox 859 2201 951 2260; x_wconf 81' lang='lat' dir='ltr'><strong>agens</strong></span> <span class='ocrx_word' id='word_1_128' title='bbox 959 2181 1136 2260; x_wconf 68' lang='lat' dir='ltr'><strong>principale,</strong></span> <span class='ocrx_word' id='word_1_129' title='bbox 1146 2179 1197 2240; x_wconf 79' lang='lat' dir='ltr'><strong>sed</strong></span> <span class='ocrx_word' id='word_1_130' title='bbox 1212 2191 1247 2241; x_wconf 93' lang='lat' dir='ltr'><strong>ut</strong></span> <span class='ocrx_word' id='word_1_131' title='bbox 1256 2182 1429 2242; x_wconf 65' lang='lat' dir='ltr'><strong>instruentem</strong></span> 
     </span>
     <span class='ocr_line' id='line_1_19' title="bbox 327 2277 1427 2357; baseline 0.002 -21"><span class='ocrx_word' id='word_1_132' title='bbox 327 2278 384 2336; x_wconf 85' lang='lat' dir='ltr'><strong>tale</strong></span> <span class='ocrx_word' id='word_1_133' title='bbox 397 2287 534 2349; x_wconf 77' lang='lat' dir='ltr'><strong>tantum3</strong></span> <span class='ocrx_word' id='word_1_134' title='bbox 555 2299 614 2337; x_wconf 93' lang='lat' dir='ltr'><strong>non</strong></span> <span class='ocrx_word' id='word_1_135' title='bbox 631 2279 691 2339; x_wconf 88' lang='lat' dir='ltr'><strong>vim</strong></span> <span class='ocrx_word' id='word_1_136' title='bbox 714 2278 900 2356; x_wconf 83' lang='lat' dir='ltr'><strong>intelligendi</strong></span> <span class='ocrx_word' id='word_1_137' title='bbox 916 2278 1063 2356; x_wconf 88' lang='lat' dir='ltr'><strong>discipulo</strong></span> <span class='ocrx_word' id='word_1_138' title='bbox 1077 2278 1242 2357; x_wconf 86' lang='lat' dir='ltr'><strong>largiend0‚</strong></span> <span class='ocrx_word' id='word_1_139' title='bbox 1258 2277 1306 2338; x_wconf 86' lang='lat' dir='ltr'><strong>vel</strong></span> <span class='ocrx_word' id='word_1_140' title='bbox 1320 2297 1427 2356; x_wconf 84' lang='lat' dir='ltr'><strong>augen-</strong></span> 
     </span>
     <span class='ocr_line' id='line_1_20' title="bbox 327 2371 1539 2454; baseline 0.002 -22"><span class='ocrx_word' id='word_1_141' title='bbox 327 2371 376 2445; x_wconf 90' lang='lat' dir='ltr'><strong>do,</strong></span> <span class='ocrx_word' id='word_1_142' title='bbox 390 2373 440 2432; x_wconf 86' lang='lat' dir='ltr'><strong>sed</strong></span> <span class='ocrx_word' id='word_1_143' title='bbox 462 2374 554 2452; x_wconf 90' lang='lat' dir='ltr'><strong>ipsius</strong></span> <span class='ocrx_word' id='word_1_144' title='bbox 564 2383 692 2436; x_wconf 86' lang='lat' dir='ltr'><strong>mentem</strong></span> <span class='ocrx_word' id='word_1_145' title='bbox 708 2374 868 2436; x_wconf 82' lang='lat' dir='ltr'><strong>excitando</strong></span> <span class='ocrx_word' id='word_1_146' title='bbox 879 2383 909 2434; x_wconf 88' lang='lat' dir='ltr'><strong>et</strong></span> <span class='ocrx_word' id='word_1_147' title='bbox 922 2373 1079 2454; x_wconf 84' lang='lat' dir='ltr'><strong>dirigendo</strong></span> <span class='ocrx_word' id='word_1_148' title='bbox 1089 2373 1261 2446; x_wconf 79' lang='lat' dir='ltr'><strong>dumtaxat,</strong></span> <span class='ocrx_word' id='word_1_149' title='bbox 1276 2385 1339 2434; x_wconf 91' lang='lat' dir='ltr'><strong>tum</strong></span> <span class='ocrx_word' id='word_1_150' title='bbox 1355 2374 1427 2450; x_wconf 86' lang='lat' dir='ltr'><strong>n)-</strong></span> <span class='ocrx_word' id='word_1_151' title='bbox 1538 2431 1539 2434; x_wconf 74' lang='grc'>,</span> 
     </span>
     <span class='ocr_line' id='line_1_21' title="bbox 325 2455 1427 2550; baseline 0.002 -22"><span class='ocrx_word' id='word_1_152' title='bbox 325 2469 514 2548; x_wconf 78' lang='lat' dir='ltr'><strong>proponendo</strong></span> <span class='ocrx_word' id='word_1_153' title='bbox 528 2473 689 2544; x_wconf 82' lang='lat' dir='ltr'><strong>materiam,</strong></span> <span class='ocrx_word' id='word_1_154' title='bbox 703 2471 751 2531; x_wconf 89' lang='lat' dir='ltr'><strong>cui</strong></span> <span class='ocrx_word' id='word_1_155' title='bbox 766 2470 931 2549; x_wconf 74' lang='lat' dir='ltr'><strong>discipulus</strong></span> <span class='ocrx_word' id='word_1_156' title='bbox 944 2470 1076 2549; x_wconf 89' lang='lat' dir='ltr'><strong>applicet</strong></span> <span class='ocrx_word' id='word_1_157' title='bbox 1089 2471 1186 2530; x_wconf 91' lang='lat' dir='ltr'><strong>lucem</strong></span> <span class='ocrx_word' id='word_1_158' title='bbox 1202 2455 1427 2550; x_wconf 81' lang='lat' dir='ltr'><strong>principiorum,</strong></span> 
     </span>
     <span class='ocr_line' id='line_1_22' title="bbox 328 2567 1428 2647; baseline 0.001 -21"><span class='ocrx_word' id='word_1_159' title='bbox 328 2587 388 2646; x_wconf 86' lang='lat' dir='ltr'><strong>qua</strong></span> <span class='ocrx_word' id='word_1_160' title='bbox 397 2567 463 2647; x_wconf 88' lang='lat' dir='ltr'><strong>jam</strong></span> <span class='ocrx_word' id='word_1_161' title='bbox 478 2568 636 2628; x_wconf 84' lang='lat' dir='ltr'><strong>instruitur</strong></span> <span class='ocrx_word' id='word_1_162' title='bbox 651 2571 694 2645; x_wconf 86' lang='lat' dir='ltr'><strong>(n.</strong></span> <span class='ocrx_word' id='word_1_163' title='bbox 710 2567 811 2646; x_wconf 87' lang='lat'><strong>330.):</strong></span> <span class='ocrx_word' id='word_1_164' title='bbox 832 2580 896 2628; x_wconf 90' lang='lat' dir='ltr'><strong>tum</strong></span> <span class='ocrx_word' id='word_1_165' title='bbox 919 2568 1009 2628; x_wconf 90' lang='lat' dir='ltr'><strong>etiam</strong></span> <span class='ocrx_word' id='word_1_166' title='bbox 1033 2567 1239 2642; x_wconf 76' lang='lat' dir='ltr'><strong>t)-onttnem</strong></span> <span class='ocrx_word' id='word_1_167' title='bbox 1261 2567 1428 2639; x_wconf 84' lang='lat' dir='ltr'><strong>indicando,</strong></span> 
     </span>
     <span class='ocr_line' id='line_1_23' title="bbox 327 2663 1267 2744; baseline 0.001 -21"><span class='ocrx_word' id='word_1_168' title='bbox 327 2683 387 2742; x_wconf 93' lang='lat' dir='ltr'><strong>quo</strong></span> <span class='ocrx_word' id='word_1_169' title='bbox 402 2664 549 2744; x_wconf 89' lang='lat' dir='ltr'><strong>principia</strong></span> <span class='ocrx_word' id='word_1_170' title='bbox 563 2664 680 2743; x_wconf 88' lang='lat' dir='ltr'><strong>disponi</strong></span> <span class='ocrx_word' id='word_1_171' title='bbox 694 2663 832 2737; x_wconf 91' lang='lat' dir='ltr'><strong>debeant,</strong></span> <span class='ocrx_word' id='word_1_172' title='bbox 847 2674 881 2724; x_wconf 92' lang='lat' dir='ltr'><strong>ut</strong></span> <span class='ocrx_word' id='word_1_173' title='bbox 895 2663 1059 2724; x_wconf 88' lang='lat' dir='ltr'><strong>illationem</strong></span> <span class='ocrx_word' id='word_1_174' title='bbox 1076 2663 1267 2742; x_wconf 80' lang='lat' dir='ltr'><strong>patefaciant.</strong></span> 
     </span>
    </p>

    <p class='ocr_par' dir='ltr' id='par_1_7' title="bbox 327 2759 1538 3904">
     <span class='ocr_line' id='line_1_24' title="bbox 369 2759 1428 2840; baseline 0.003 -21"><span class='ocrx_word' id='word_1_175' title='bbox 369 2761 419 2819; x_wconf 86' lang='lat' dir='ltr'><strong>Ad</strong></span> <span class='ocrx_word' id='word_1_176' title='bbox 442 2781 503 2820; x_wconf 90' lang='lat' dir='ltr'><strong>rem</strong></span> <span class='ocrx_word' id='word_1_177' title='bbox 535 2759 565 2820; x_wconf 79' lang='lat' dir='ltr'><strong>S.</strong></span> <span class='ocrx_word' id='word_1_178' title='bbox 593 2760 733 2822; x_wconf 81' lang='lat' dir='ltr'><strong>Thomas.</strong></span> <span class='ocrx_word' id='word_1_179' title='bbox 775 2761 924 2822; x_wconf 85' lang='lat' dir='ltr'><strong>“Scientia</strong></span> <span class='ocrx_word' id='word_1_180' title='bbox 948 2761 1114 2840; x_wconf 87' lang='lat' dir='ltr'><strong>acquiritur</strong></span> <span class='ocrx_word' id='word_1_181' title='bbox 1135 2761 1165 2820; x_wconf 96' lang='lat' dir='ltr'><strong>in</strong></span> <span class='ocrx_word' id='word_1_182' title='bbox 1187 2761 1310 2822; x_wconf 88' lang='lat' dir='ltr'><strong>homine</strong></span> <span class='ocrx_word' id='word_1_183' title='bbox 1333 2773 1363 2822; x_wconf 87' lang='lat' dir='ltr'><strong>et</strong></span> <span class='ocrx_word' id='word_1_184' title='bbox 1389 2762 1428 2822; x_wconf 92' lang='lat' dir='ltr'><strong>ab</strong></span> 
     </span>
     <span class='ocr_line' id='line_1_25' title="bbox 328 2849 1538 2940; baseline 0.003 -24"><span class='ocrx_word' id='word_1_185' title='bbox 328 2859 466 2918; x_wconf 81' lang='lat' dir='ltr'><strong>interiore</strong></span> <span class='ocrx_word' id='word_1_186' title='bbox 482 2860 642 2938; x_wconf 82' lang='lat' dir='ltr'><strong>principio,</strong></span> <span class='ocrx_word' id='word_1_187' title='bbox 657 2869 692 2920; x_wconf 90' lang='lat' dir='ltr'><strong>ut</strong></span> <span class='ocrx_word' id='word_1_188' title='bbox 712 2868 795 2938; x_wconf 88' lang='lat' dir='ltr'><strong>patet</strong></span> <span class='ocrx_word' id='word_1_189' title='bbox 810 2861 841 2918; x_wconf 94' lang='lat' dir='ltr'><strong>in</strong></span> <span class='ocrx_word' id='word_1_190' title='bbox 863 2879 908 2932; x_wconf 88' lang='lat' dir='ltr'><strong>eo,</strong></span> <span class='ocrx_word' id='word_1_191' title='bbox 930 2861 981 2938; x_wconf 90' lang='lat' dir='ltr'><strong>qui</strong></span> <span class='ocrx_word' id='word_1_192' title='bbox 998 2881 1054 2937; x_wconf 83' lang='lat' dir='ltr'><strong>per</strong></span> <span class='ocrx_word' id='word_1_193' title='bbox 1067 2862 1261 2920; x_wconf 82' lang='lat' dir='ltr'><strong>incentionem</strong></span> <span class='ocrx_word' id='word_1_194' title='bbox 1281 2863 1428 2940; x_wconf 73' lang='lat' dir='ltr'><strong>propriam</strong></span> <span class='ocrx_word' id='word_1_195' title='bbox 1537 2849 1538 2880; x_wconf 34' lang='lat' dir='ltr'><strong>l</strong></span> 
     </span>
     <span class='ocr_line' id='line_1_26' title="bbox 327 2956 1427 3037; baseline 0.002 -23"><span class='ocrx_word' id='word_1_196' title='bbox 327 2956 481 3016; x_wconf 88' lang='lat' dir='ltr'><strong>scientiam</strong></span> <span class='ocrx_word' id='word_1_197' title='bbox 503 2956 650 3035; x_wconf 87' lang='lat' dir='ltr'><strong>acquirit;</strong></span> <span class='ocrx_word' id='word_1_198' title='bbox 686 2967 715 3016; x_wconf 87' lang='lat' dir='ltr'><strong>et</strong></span> <span class='ocrx_word' id='word_1_199' title='bbox 736 2979 755 3016; x_wconf 89' lang='grc' dir='ltr'>α</span> <span class='ocrx_word' id='word_1_200' title='bbox 772 2959 922 3034; x_wconf 84' lang='lat' dir='ltr'><strong>principio</strong></span> <span class='ocrx_word' id='word_1_201' title='bbox 943 2959 1085 3030; x_wconf 73' lang='lat' dir='ltr'><strong>anteriori,</strong></span> <span class='ocrx_word' id='word_1_202' title='bbox 1109 2968 1142 3016; x_wconf 90' lang='lat' dir='ltr'><strong>ut</strong></span> <span class='ocrx_word' id='word_1_203' title='bbox 1162 2969 1246 3036; x_wconf 87' lang='lat' dir='ltr'><strong>patet</strong></span> <span class='ocrx_word' id='word_1_204' title='bbox 1266 2960 1297 3018; x_wconf 92' lang='lat' dir='ltr'><strong>in</strong></span> <span class='ocrx_word' id='word_1_205' title='bbox 1319 2979 1364 3028; x_wconf 87' lang='lat' dir='ltr'><strong>eu,</strong></span> <span class='ocrx_word' id='word_1_206' title='bbox 1378 2959 1427 3037; x_wconf 93' lang='lat' dir='ltr'><strong>qui</strong></span> 
     </span>
     <span class='ocr_line' id='line_1_27' title="bbox 330 3052 1429 3134; baseline 0.005 -26"><span class='ocrx_word' id='word_1_207' title='bbox 330 3052 461 3112; x_wconf 74' lang='lat' dir='ltr'><strong>addiscit.</strong></span> <span class='ocrx_word' id='word_1_208' title='bbox 514 3052 597 3113; x_wconf 82' lang='lat' dir='ltr'><strong>Inest</strong></span> <span class='ocrx_word' id='word_1_209' title='bbox 623 3053 702 3114; x_wconf 90' lang='lat' dir='ltr'><strong>enim</strong></span> <span class='ocrx_word' id='word_1_210' title='bbox 731 3055 893 3132; x_wconf 90' lang='lat' dir='ltr'><strong>unicuique</strong></span> <span class='ocrx_word' id='word_1_211' title='bbox 922 3055 1033 3114; x_wconf 87' lang='lat' dir='ltr'><strong>homini</strong></span> <span class='ocrx_word' id='word_1_212' title='bbox 1062 3054 1213 3132; x_wconf 87' lang='lat' dir='ltr'><strong>quoddam</strong></span> <span class='ocrx_word' id='word_1_213' title='bbox 1248 3057 1429 3134; x_wconf 77' lang='lat' dir='ltr'><strong>principium</strong></span> 
     </span>
     <span class='ocr_line' id='line_1_28' title="bbox 327 3149 1428 3230; baseline 0.002 -22"><span class='ocrx_word' id='word_1_214' title='bbox 327 3149 477 3222; x_wconf 79' lang='lat' dir='ltr'><strong>scientiae,</strong></span> <span class='ocrx_word' id='word_1_215' title='bbox 497 3170 542 3210; x_wconf 88' lang='lat' dir='ltr'><strong>sc:</strong></span> <span class='ocrx_word' id='word_1_216' title='bbox 575 3150 676 3210; x_wconf 89' lang='lat' dir='ltr'><strong>lumen</strong></span> <span class='ocrx_word' id='word_1_217' title='bbox 701 3150 870 3212; x_wconf 88' lang='lat' dir='ltr'><strong>intellectus</strong></span> <span class='ocrx_word' id='word_1_218' title='bbox 890 3151 1014 3230; x_wconf 83' lang='lat' dir='ltr'><strong>agentia,</strong></span> <span class='ocrx_word' id='word_1_219' title='bbox 1036 3170 1089 3229; x_wconf 88' lang='lat' dir='ltr'><strong>per</strong></span> <span class='ocrx_word' id='word_1_220' title='bbox 1108 3151 1188 3229; x_wconf 92' lang='lat' dir='ltr'><strong>quod</strong></span> <span class='ocrx_word' id='word_1_221' title='bbox 1210 3163 1428 3230; x_wconf 85' lang='lat' dir='ltr'><strong>cognoscuntur</strong></span> 
     </span>
     <span class='ocr_line' id='line_1_29' title="bbox 328 3247 1537 3328; baseline 0.002 -22"><span class='ocrx_word' id='word_1_222' title='bbox 328 3247 429 3306; x_wconf 86' lang='lat' dir='ltr'><strong>statim</strong></span> <span class='ocrx_word' id='word_1_223' title='bbox 459 3267 477 3306; x_wconf 91' lang='lat' dir='ltr'><strong>a</strong></span> <span class='ocrx_word' id='word_1_224' title='bbox 504 3248 653 3326; x_wconf 90' lang='lat' dir='ltr'><strong>principio</strong></span> <span class='ocrx_word' id='word_1_225' title='bbox 679 3249 854 3308; x_wconf 80' lang='lat' dir='ltr'><strong>naturaliter</strong></span> <span class='ocrx_word' id='word_1_226' title='bbox 881 3249 1028 3327; x_wconf 86' lang='lat' dir='ltr'><strong>quaedam</strong></span> <span class='ocrx_word' id='word_1_227' title='bbox 1065 3248 1247 3308; x_wconf 71' lang='lat' dir='ltr'><strong>universalia</strong></span> <span class='ocrx_word' id='word_1_228' title='bbox 1282 3249 1427 3328; x_wconf 88' lang='lat' dir='ltr'><strong>principia</strong></span> <span class='ocrx_word' id='word_1_229' title='bbox 1536 3275 1537 3319; x_wconf 67' lang='lat'><strong>,</strong></span> 
     </span>
     <span class='ocr_line' id='line_1_30' title="bbox 330 3344 1428 3424; baseline 0.001 -20"><span class='ocrx_word' id='word_1_230' title='bbox 330 3345 461 3404; x_wconf 83' lang='lat' dir='ltr'><strong>oninium</strong></span> <span class='ocrx_word' id='word_1_231' title='bbox 484 3346 684 3406; x_wconf 79' lang='lat' dir='ltr'><strong>scientiarum.</strong></span> <span class='ocrx_word' id='word_1_232' title='bbox 726 3344 803 3406; x_wconf 85' lang='lat' dir='ltr'><strong>Cum</strong></span> <span class='ocrx_word' id='word_1_233' title='bbox 817 3355 917 3406; x_wconf 86' lang='lat' dir='ltr'><strong>autem</strong></span> <span class='ocrx_word' id='word_1_234' title='bbox 933 3344 1042 3424; x_wconf 86' lang='lat' dir='ltr'><strong>aliquia</strong></span> <span class='ocrx_word' id='word_1_235' title='bbox 1062 3345 1231 3424; x_wconf 88' lang='lat' dir='ltr'><strong>hujusmodi</strong></span> <span class='ocrx_word' id='word_1_236' title='bbox 1248 3347 1428 3406; x_wconf 81' lang='lat' dir='ltr'><strong>unir&#39;ersalia</strong></span> 
     </span>
     <span class='ocr_line' id='line_1_31' title="bbox 330 3441 1427 3521; baseline 0.002 -21"><span class='ocrx_word' id='word_1_237' title='bbox 330 3441 478 3520; x_wconf 86' lang='lat' dir='ltr'><strong>principia</strong></span> <span class='ocrx_word' id='word_1_238' title='bbox 499 3443 627 3520; x_wconf 83' lang='lat' dir='ltr'><strong>applicet</strong></span> <span class='ocrx_word' id='word_1_239' title='bbox 647 3442 686 3502; x_wconf 89' lang='lat' dir='ltr'><strong>nd</strong></span> <span class='ocrx_word' id='word_1_240' title='bbox 707 3443 813 3521; x_wconf 90' lang='lat' dir='ltr'><strong>aliqua</strong></span> <span class='ocrx_word' id='word_1_241' title='bbox 834 3443 1039 3521; x_wconf 78' lang='lat' dir='ltr'><strong>particularia,</strong></span> <span class='ocrx_word' id='word_1_242' title='bbox 1061 3463 1188 3521; x_wconf 87' lang='lat' dir='ltr'><strong>quorum</strong></span> <span class='ocrx_word' id='word_1_243' title='bbox 1213 3446 1381 3502; x_wconf 83' lang='lat' dir='ltr'><strong>memoriam</strong></span> <span class='ocrx_word' id='word_1_244' title='bbox 1400 3455 1427 3502; x_wconf 88' lang='lat' dir='ltr'><strong>et</strong></span> 
     </span>
     <span class='ocr_line' id='line_1_32' title="bbox 330 3538 1426 3618; baseline 0.002 -22"><span class='ocrx_word' id='word_1_245' title='bbox 330 3539 552 3615; x_wconf 74' lang='lat' dir='ltr'><strong>anper-intentum</strong></span> <span class='ocrx_word' id='word_1_246' title='bbox 586 3557 639 3616; x_wconf 91' lang='lat' dir='ltr'><strong>per</strong></span> <span class='ocrx_word' id='word_1_247' title='bbox 665 3557 782 3599; x_wconf 83' lang='lat' dir='ltr'><strong>sensum</strong></span> <span class='ocrx_word' id='word_1_248' title='bbox 817 3538 936 3617; x_wconf 86' lang='lat' dir='ltr'><strong>accipit,</strong></span> <span class='ocrx_word' id='word_1_249' title='bbox 964 3559 1018 3617; x_wconf 91' lang='lat' dir='ltr'><strong>per</strong></span> <span class='ocrx_word' id='word_1_250' title='bbox 1044 3539 1246 3599; x_wconf 83' lang='lat' dir='ltr'><strong>inventionem</strong></span> <span class='ocrx_word' id='word_1_251' title='bbox 1275 3541 1426 3618; x_wconf 87' lang='lat' dir='ltr'><strong>propriam</strong></span> 
     </span>
     <span class='ocr_line' id='line_1_33' title="bbox 328 3634 1536 3714; baseline -0.003 -20"><span class='ocrx_word' id='word_1_252' title='bbox 328 3634 457 3712; x_wconf 88' lang='lat' dir='ltr'><strong>acquirit</strong></span> <span class='ocrx_word' id='word_1_253' title='bbox 470 3635 625 3695; x_wconf 88' lang='lat' dir='ltr'><strong>scientiam</strong></span> <span class='ocrx_word' id='word_1_254' title='bbox 642 3655 755 3708; x_wconf 87' lang='lat' dir='ltr'><strong>corum,</strong></span> <span class='ocrx_word' id='word_1_255' title='bbox 769 3655 847 3714; x_wconf 87' lang='lat' dir='ltr'><strong>quae</strong></span> <span class='ocrx_word' id='word_1_256' title='bbox 860 3634 1029 3714; x_wconf 85' lang='lat' dir='ltr'><strong>ignorabat,</strong></span> <span class='ocrx_word' id='word_1_257' title='bbox 1042 3635 1205 3696; x_wconf 87' lang='lat' dir='ltr'><strong>seeundum</strong></span> <span class='ocrx_word' id='word_1_258' title='bbox 1220 3635 1301 3714; x_wconf 92' lang='lat' dir='ltr'><strong>quod</strong></span> <span class='ocrx_word' id='word_1_259' title='bbox 1317 3637 1426 3696; x_wconf 86' lang='lat' dir='ltr'><strong>dieitur</strong></span> <span class='ocrx_word' id='word_1_260' title='bbox 1535 3673 1536 3690; x_wconf 35' lang='lat' dir='ltr'><strong>r</strong></span> 
     </span>
     <span class='ocr_line' id='line_1_34' title="bbox 331 3729 1426 3810; baseline 0 -21"><span class='ocrx_word' id='word_1_261' title='bbox 331 3732 356 3790; x_wconf 93' lang='lat'><strong>1.</strong></span> <span class='ocrx_word' id='word_1_262' title='bbox 379 3729 458 3791; x_wconf 85' lang='lat' dir='ltr'><strong>Post.</strong></span> <span class='ocrx_word' id='word_1_263' title='bbox 480 3731 591 3791; x_wconf 81' lang='lat' dir='ltr'><strong>“mnnis</strong></span> <span class='ocrx_word' id='word_1_264' title='bbox 611 3730 745 3792; x_wconf 86' lang='lat' dir='ltr'><strong>doctrina</strong></span> <span class='ocrx_word' id='word_1_265' title='bbox 766 3739 793 3792; x_wconf 81' lang='lat' dir='ltr'><strong>et</strong></span> <span class='ocrx_word' id='word_1_266' title='bbox 812 3733 904 3792; x_wconf 72' lang='lat' dir='ltr'><strong>omneis</strong></span> <span class='ocrx_word' id='word_1_267' title='bbox 924 3731 1080 3809; x_wconf 79' lang='lat' dir='ltr'><strong>disciplina</strong></span> <span class='ocrx_word' id='word_1_268' title='bbox 1101 3731 1138 3810; x_wconf 76' lang='lat' dir='ltr'><strong>fit</strong></span> <span class='ocrx_word' id='word_1_269' title='bbox 1165 3752 1199 3792; x_wconf 79' lang='lat' dir='ltr'><strong>ce</strong></span> <span class='ocrx_word' id='word_1_270' title='bbox 1222 3734 1426 3809; x_wconf 66' lang='lat' dir='ltr'><strong>praetentam·</strong></span> 
     </span>
     <span class='ocr_line' id='line_1_35' title="bbox 329 3827 517 3904; baseline -0.005 -17"><span class='ocrx_word' id='word_1_271' title='bbox 329 3827 517 3904; x_wconf 75' lang='lat' dir='ltr'><strong>aopnitmne.’&#39;</strong></span> 
     </span>
    </p>

    <p class='ocr_par' dir='ltr' id='par_1_8' title="bbox 326 3924 1535 4392">
     <span class='ocr_line' id='line_1_36' title="bbox 369 3924 1424 4004; baseline 0.001 -20"><span class='ocrx_word' id='word_1_272' title='bbox 369 3924 483 3984; x_wconf 91' lang='lat' dir='ltr'><strong>“Ducit</strong></span> <span class='ocrx_word' id='word_1_273' title='bbox 497 3933 598 3984; x_wconf 87' lang='lat' dir='ltr'><strong>autem</strong></span> <span class='ocrx_word' id='word_1_274' title='bbox 623 3925 766 4002; x_wconf 81' lang='lat' dir='ltr'><strong>magister</strong></span> <span class='ocrx_word' id='word_1_275' title='bbox 785 3925 965 4003; x_wconf 89' lang='lat' dir='ltr'><strong>discipulum</strong></span> <span class='ocrx_word' id='word_1_276' title='bbox 981 3945 1015 3984; x_wconf 77' lang='lat' dir='ltr'><strong>ee</strong></span> <span class='ocrx_word' id='word_1_277' title='bbox 1031 3925 1227 4002; x_wconf 72' lang='lat' dir='ltr'><strong>prumopnitis</strong></span> <span class='ocrx_word' id='word_1_278' title='bbox 1241 3925 1271 3984; x_wconf 91' lang='lat' dir='ltr'><strong>in</strong></span> <span class='ocrx_word' id='word_1_279' title='bbox 1287 3925 1424 4004; x_wconf 67' lang='lat' dir='ltr'><strong>cognitio</strong></span> 
     </span>
     <span class='ocr_line' id='line_1_37' title="bbox 331 4020 1535 4103; baseline 0.002 -21"><span class='ocrx_word' id='word_1_280' title='bbox 331 4043 396 4082; x_wconf 88' lang='lat' dir='ltr'><strong>nem</strong></span> <span class='ocrx_word' id='word_1_281' title='bbox 415 4022 596 4100; x_wconf 82' lang='lat' dir='ltr'><strong>ignotorum,</strong></span> <span class='ocrx_word' id='word_1_282' title='bbox 611 4020 917 4100; x_wconf 83' lang='lat' dir='ltr'><strong>dupliciter.—Primo</strong></span> <span class='ocrx_word' id='word_1_283' title='bbox 937 4022 1057 4101; x_wconf 87' lang='lat' dir='ltr'><strong>quidem</strong></span> <span class='ocrx_word' id='word_1_284' title='bbox 1081 4021 1273 4100; x_wconf 84' lang='lat' dir='ltr'><strong>proponendo</strong></span> <span class='ocrx_word' id='word_1_285' title='bbox 1287 4023 1314 4082; x_wconf 88' lang='lat' dir='ltr'><strong>ei</strong></span> <span class='ocrx_word' id='word_1_286' title='bbox 1330 4023 1425 4103; x_wconf 77' lang='lat' dir='ltr'><strong>niiqtm</strong></span> <span class='ocrx_word' id='word_1_287' title='bbox 1534 4055 1535 4084; x_wconf 47' lang='lat' dir='ltr'><strong>t</strong></span> 
     </span>
     <span class='ocr_line' id='line_1_38' title="bbox 329 4117 1424 4197; baseline 0 -19"><span class='ocrx_word' id='word_1_288' title='bbox 329 4119 443 4178; x_wconf 76' lang='lat' dir='ltr'><strong>aemilia</strong></span> <span class='ocrx_word' id='word_1_289' title='bbox 457 4118 505 4178; x_wconf 90' lang='lat' dir='ltr'><strong>vel</strong></span> <span class='ocrx_word' id='word_1_290' title='bbox 520 4119 721 4192; x_wconf 70' lang='lat' dir='ltr'><strong>imminente,</strong></span> <span class='ocrx_word' id='word_1_291' title='bbox 731 4118 841 4197; x_wconf 91' lang='lat' dir='ltr'><strong>quibus</strong></span> <span class='ocrx_word' id='word_1_292' title='bbox 851 4117 1019 4178; x_wconf 87' lang='lat' dir='ltr'><strong>intellectus</strong></span> <span class='ocrx_word' id='word_1_293' title='bbox 1030 4118 1092 4197; x_wconf 87' lang='lat' dir='ltr'><strong>ejus</strong></span> <span class='ocrx_word' id='word_1_294' title='bbox 1107 4127 1211 4178; x_wconf 89' lang='lat' dir='ltr'><strong>ututur</strong></span> <span class='ocrx_word' id='word_1_295' title='bbox 1220 4119 1260 4178; x_wconf 92' lang='lat' dir='ltr'><strong>ad</strong></span> <span class='ocrx_word' id='word_1_296' title='bbox 1274 4119 1424 4179; x_wconf 84' lang='lat' dir='ltr'><strong>seientiam</strong></span> 
     </span>
     <span class='ocr_line' id='line_1_39' title="bbox 328 4214 1427 4294; baseline -0.002 -18"><span class='ocrx_word' id='word_1_297' title='bbox 328 4215 561 4294; x_wconf 85' lang='lat' dir='ltr'><strong>acquirendam:</strong></span> <span class='ocrx_word' id='word_1_298' title='bbox 583 4223 658 4294; x_wconf 92' lang='lat' dir='ltr'><strong>puta</strong></span> <span class='ocrx_word' id='word_1_299' title='bbox 678 4233 746 4274; x_wconf 92' lang='lat' dir='ltr'><strong>cum</strong></span> <span class='ocrx_word' id='word_1_300' title='bbox 768 4214 908 4293; x_wconf 92' lang='lat' dir='ltr'><strong>proponit</strong></span> <span class='ocrx_word' id='word_1_301' title='bbox 928 4215 954 4274; x_wconf 91' lang='lat' dir='ltr'><strong>ei</strong></span> <span class='ocrx_word' id='word_1_302' title='bbox 976 4215 1094 4294; x_wconf 81' lang='lat' dir='ltr'><strong>aliquas</strong></span> <span class='ocrx_word' id='word_1_303' title='bbox 1109 4215 1321 4292; x_wconf 71' lang='lat' dir='ltr'><strong>propositiones</strong></span> <span class='ocrx_word' id='word_1_304' title='bbox 1334 4219 1427 4275; x_wconf 71' lang='lat' dir='ltr'><strong>titiam</strong></span> 
     </span>
     <span class='ocr_line' id='line_1_40' title="bbox 326 4311 1425 4392; baseline -0.003 -16"><span class='ocrx_word' id='word_1_305' title='bbox 326 4313 509 4387; x_wconf 70' lang='lat' dir='ltr'><strong>unmmmlea,</strong></span> <span class='ocrx_word' id='word_1_306' title='bbox 519 4331 595 4392; x_wconf 81' lang='lat' dir='ltr'><strong>quas</strong></span> <span class='ocrx_word' id='word_1_307' title='bbox 605 4323 706 4372; x_wconf 85' lang='lat' dir='ltr'><strong>tamen</strong></span> <span class='ocrx_word' id='word_1_308' title='bbox 717 4332 754 4372; x_wconf 79' lang='lat' dir='ltr'><strong>en</strong></span> <span class='ocrx_word' id='word_1_309' title='bbox 763 4311 962 4391; x_wconf 85' lang='lat' dir='ltr'><strong>praecognitis</strong></span> <span class='ocrx_word' id='word_1_310' title='bbox 973 4311 1137 4391; x_wconf 88' lang='lat' dir='ltr'><strong>discipulus</strong></span> <span class='ocrx_word' id='word_1_311' title='bbox 1146 4311 1314 4392; x_wconf 86' lang='lat' dir='ltr'><strong>dijudicare</strong></span> <span class='ocrx_word' id='word_1_312' title='bbox 1325 4325 1425 4392; x_wconf 72' lang='lat' dir='ltr'><strong>potmt,</strong></span> 
     </span>
    </p>
   </div>
   <div class='ocr_carea' id='block_1_3' title="bbox 0 0 1574 4956">
    <p class='ocr_par' dir='ltr' id='par_1_9' title="bbox 0 0 1574 4956">
     <span class='ocr_line' id='line_1_41' title="bbox 0 0 1574 4956; baseline 0 1"><span class='ocrx_word' id='word_1_313' title='bbox 0 0 1574 4956; x_wconf 95' lang='lat' dir='ltr'><strong> </strong></span> 
     </span>
    </p>
   </div>
  </div>
 </body>
</html>
