3172 4950
318 461 336 518 4
813 461 932 540 [opica

314 650 491 732 procedatur
505 658 542 716 ad
558 657 766 718 certitudinem
779 657 982 736 accipiendam
999 657 1036 716 de
1047 655 1198 735 aliquibus
1210 652 1336 731 ignotis”
1350 651 1416 728 (sic.

311 773 338 812 v.
354 775 381 831 g.
398 765 553 832 postquam
576 775 657 816 mens
674 755 857 834 judicaverit
877 754 1019 814 bominem
1040 774 1096 813 cese
1110 753 1232 823 niuniel,
1246 762 1276 811 et
1290 748 1413 810 aliunde

313 851 484 928 cognoverit
505 873 586 912 omaro
600 853 714 911 onirnol
735 873 790 912 esse
812 851 965 921 sensibile;
987 851 1043 910 hoc
1062 849 1210 929 judicium
1235 847 1414 926 pronunciat

313 945 454 1005 bominem
479 969 536 1006 eoae
558 947 743 1026 aermibilem).
784 947 869 1008 ‘Hinc
893 948 976 1006 vides
998 945 1246 1025 apprehensiones
1269 941 1413 1004 contineri

308 1043 431 1120 judicio,
442 1045 557 1123 judicia
579 1054 679 1105 autem
701 1044 876 1106 ratiocinio:
899 1043 1010 1123 quippe
1031 1041 1216 1122 impomibile
1229 1052 1278 1100 est·
1293 1039 1416 1118 conjun-

311 1161 380 1220 gere
396 1143 442 1201 vel
457 1161 611 1220 segregare
624 1161 668 1212 ea,
681 1161 758 1220 quae
772 1141 903 1212 uonsiut
917 1155 1007 1200 autea
1021 1139 1196 1218 simpliciter
1208 1135 1393 1216 apprehensa
1406 1156 1420 1223 ;Ι

313 1239 461 1317 nequead
484 1239 618 1317 ignotum
641 1259 723 1298 ruens
744 1237 883 1318 progredi
908 1246 1009 1316 potest
1029 1237 1084 1295 nisi
1112 1256 1165 1313 per
1189 1234 1229 1306 id,
1244 1231 1323 1311 quod
1348 1231 1412 1308 jam

313 1346 415 1394 notum
429 1335 615 1414 supponitur.
659 1333 753 1394 Vides
767 1334 868 1406 etiam,

353 1429 480 1490 Nonnisi
495 1430 540 1490 his
554 1430 650 1491 tribus
671 1429 893 1510 operationibus
914 1447 1032 1489 omnem
1048 1427 1246 1506 cognitionem
1262 1425 1415 1484 humanae

312 1529 418 1588 meotis
441 1529 594 1588 contineri.
636 1527 717 1588 Nam
741 1528 837 1587 omnis
859 1527 989 1605 cognitio
1004 1536 1058 1586 ant
1075 1515 1308 1584 ¹affirmationem
1324 1542 1412 1600 nega-

311 1625 461 1685 tionemve
481 1626 629 1685 eontinet:
651 1633 705 1684 aut
725 1635 862 1684 neutram
884 1623 1025 1684 continet.
1066 1621 1097 1682 Si
1113 1631 1249 1681 neutram
1272 1619 1413 1686 continet.

312 1721 472 1782 habebitur
499 1721 626 1801 simplex
656 1721 859 1801 apprehensio.
901 1721 932 1779 Si
962 1740 1032 1781 vero
1059 1719 1237 1780 alterutram
1259 1716 1410 1778 continet:

311 1827 383 1878 tune
398 1818 445 1878 vel
460 1819 517 1879 ista
531 1819 691 1880 affirmatio
706 1819 753 1880 vel
769 1819 888 1898 negatio
908 1819 1043 1898 sequitur
1056 1816 1229 1878 immediate
1250 1816 1414 1896 perceptio-

311 1937 377 1976 uem
394 1917 444 1987 rei,
460 1915 505 1977 vel
522 1916 676 1976 derivatur
689 1936 727 1976 ex
739 1916 879 1976 anteriori
891 1915 1088 1976 affirmatione
1099 1925 1152 1975 aut
1161 1915 1327 1994 negatione,
1341 1933 1410 1973 cum

311 2034 370 2092 qua
384 2014 588 2073 connectitur:
604 2014 634 2072 in
650 2013 742 2093 priori
757 2033 826 2074 casu
843 2013 1009 2085 Judicium,
1024 2013 1054 2071 in
1071 2011 1225 2091 posteriori
1241 2008 1413 2070 Ratiocina-

312 2113 353 2171 tio
367 2111 536 2172 habebitur.

352 2209 378 2268 8.
422 2208 480 2268 His
494 2209 700 2282 constabilitis,
715 2220 798 2288 patet
812 2210 942 2270 assertio.
978 2209 1098 2270 Etenim
1115 2208 1264 2287 objectum
1281 2207 1411 2286 Logicae

310 2313 354 2364 est
367 2305 552 2382 operationes
573 2305 680 2366 mentis
694 2305 833 2366 ordinare
848 2307 891 2376 (n.
909 2304 950 2382 1).
993 2305 1138 2366 Jamvcro
1158 2304 1237 2364 idem
1252 2312 1296 2362 est
1309 2321 1411 2381 opera-

312 2401 404 2460 tiones
419 2401 526 2461 meutis
540 2401 688 2474 ordinare,
703 2421 738 2462 ac
760 2401 963 2462 Ratiociuium
981 2399 1116 2478 regulare
1133 2399 1176 2475 (u.
1192 2399 1235 2476 7).
1277 2398 1409 2474 Quanto

312 2497 393 2556 brem
409 2496 567 2574 Objectum
585 2497 715 2576 Logieae
728 2507 773 2558 eet
787 2497 992 2558 Ratiocinium
1014 2496 1223 2575 regulandum,
1237 2505 1329 2574 atque
1343 2493 1410 2553 ideo

312 2593 416 2654 merliu
432 2587 576 2672 Loyt'cttit
591 2599 682 2668 lorus,
697 2594 745 2655 vel
767 2595 929 2654 Dialeclt'oa
943 2614 962 2653 a
977 2597 1151 2667 ὃιαληγυμαι,
1165 2593 1285 2664 dissero,
1299 2590 1410 2651 discut·-

312 2712 344 2750 ro
358 2701 558 2770 nuncupatur.

353 2884 445 2984 lituo.
461 2884 521 2945 III.
566 2885 674 2963 lapion
688 2886 760 2964 jore
780 2885 880 2946 merito
896 2887 1029 2964 partitor
1044 2885 1076 2944 io
1091 2893 1146 2945 tres
1162 2889 1270 2962 partes,
1285 2903 1408 2963 parom

306 2981 407 3058 puato
422 2981 457 3040 de
471 2981 716 3059 Appreberwrbne,
737 2981 864 3042 seenodo
885 2981 920 3040 de
940 2981 1069 3054 Judt'cio,
1086 2981 1170 3041 tertio
1185 2979 1220 3040 de
1240 2979 1411 3040 Ratiocina-

311 3079 387 3137 tiooe
400 3079 469 3155 opit.

352 3275 379 3332 9.
422 3271 511 3332 Patet
531 3292 568 3332 cx
590 3272 685 3332 (lictis.
729 3272 810 3332 Nam
832 3293 933 3345 omues
954 3271 1095 3333 scientiae
1116 3270 1211 3330 dividi
1226 3289 1261 3329 ao
1276 3268 1408 3330 ordinari

313 3368 430 3441 debent,
444 3368 605 3429 seeundum
622 3369 701 3448 quod
717 3369 864 3430 dividitur
877 3381 906 3430 et
921 3370 1078 3430 ordinatur
1092 3371 1224 3449 ipsarum
1240 3369 1407 3448 Objectum.

312 3467 334 3529 J
335 3487 457 3528 amvero
468 3466 625 3544 Objectum
640 3467 769 3547 Logicae
779 3477 823 3528 est
834 3468 1037 3528 Ratiocinium
1051 3489 1057 3526 ε
1073 3468 1161 3546 hujus
1172 3477 1273 3526 autem
1285 3466 1411 3526 elemen-

314 3574 430 3628 tasum
444 3565 576 3625 notiones
590 3576 620 3624 et
629 3565 753 3642 judicia.
796 3565 887 3644 Ergo.
