3358 4952
502 519 549 581 Dc
568 519 703 582 Serrrodo
724 517 831 580 Martiis
851 518 1032 598 operatum.
1255 517 1314 579 123

251 717 345 778 Ratio
359 715 491 794 e’J-Ut
512 717 540 777 A
557 739 584 777 v.
600 739 627 796 g.
644 717 755 776 nonsit
769 715 929 788 Bsuffieit,
944 726 979 776 ut
994 717 1021 776 A
1037 737 1095 776 non
1118 716 1229 777 habeat
1242 727 1311 776 com-

206 817 330 892 plerem
357 815 491 875 emnium
520 814 643 874 illarum
672 823 821 885 netarum,
844 812 952 892 quibus
976 814 1005 873 B
1026 814 1233 887 constituitur;
1256 835 1312 874 non

212 925 317 973 aratam
340 913 510 992 requiritur,
526 921 559 972 ut
574 911 600 971 A
614 922 717 971 careat
730 910 864 990 singulis,
878 931 925 972 sc:
947 909 1000 970 boc
1014 911 1061 972 vel
1077 912 1131 972 illa
1145 921 1225 984 nota,
1239 933 1315 990 quae

214 1012 249 1068 iu
264 1009 511 1088 qnnpreltemricue
532 1031 582 1064 rou
598 1009 628 1068 B
647 1009 853 1069 continentur:
876 1009 1069 1087 quamebrem
1091 1009 1166 1070 baec
1188 1013 1315 1089 propesi-

212 1108 274 1167 tio:
297 1107 418 1166 “Homo
433 1127 491 1166 urin
505 1116 550 1166 eat
564 1105 727 1184 Angelus‚”
743 1106 913 1184 aequivalet
925 1106 1015 1168 huic:
1323 1169 1325 1173 ,

256 1203 376 1264 “Homo
391 1225 448 1264 nou
472 1203 563 1262 habet
577 1202 766 1281 complexum
787 1202 910 1262 illarum
932 1186 1080 1278 notarum,
1095 1204 1203 1284 quibus
1219 1205 1316 1284 Angr—

217 1302 262 1360 lus
276 1301 503 1362 constituitur:”
519 1311 551 1361 at
566 1301 654 1359 homo
668 1311 712 1360 aut
725 1299 902 1372 substantia,
919 1319 977 1360 nen
992 1321 1075 1361 aecus
1089 1323 1125 1362 ac
1139 1302 1272 1381 angelus.

147 1400 156 1416 ⁶
259 1397 348 1458 ilatio
362 1396 527 1474 lii-Nam
544 1397 573 1456 iu
601 1395 800 1475 propositione
822 1395 964 1474 negativa
987 1397 1131 1457 statuitur
1150 1399 1315 1478 subjectum

201 1515 277 1554 esec
300 1515 361 1554 rem
386 1493 560 1553 dioeraoma
585 1491 766 1572 praedicato,
780 1502 870 1571 atque
894 1492 961 1552 ideo
983 1513 1043 1553 nen
1058 1513 1118 1554 esse
1144 1515 1237 1575 neque
1252 1495 1316 1568 hoc

215 1611 313 1670 neque
327 1590 413 1664 illud,
428 1590 660 1670 necquidquam
682 1611 794 1663 eorum,
809 1590 848 1650 ad
862 1610 940 1669 quae
953 1611 982 1650 ac
996 1591 1121 1651 eatcadil
1136 1593 1218 1653 notio
1233 1614 1314 1672 prae·

213 1689 327 1748 dicati:
349 1709 431 1749 secus
453 1688 532 1748 enim
559 1686 634 1748 falsa
648 1687 789 1748 evaderet
812 1685 980 1766 propositio.
1022 1687 1072 1748 Sic
1086 1709 1114 1748 v.
1129 1709 1157 1767 g.
1171 1709 1317 1768 suppome

215 1808 284 1845 rous
305 1807 467 1866 parumper
486 1787 619 1846 animam
634 1805 694 1846 esse
708 1785 831 1864 aliquod
852 1803 958 1863 corpus
971 1805 999 1856 a,
1015 1785 1081 1864 jam
1095 1804 1129 1844 eo
1144 1785 1207 1864 ipso
1221 1785 1318 1844 dicere

216 1905 277 1944 non
292 1903 405 1963 possem
421 1883 564 1943 absolute:
586 1880 707 1942 “anima
730 1900 788 1941 nou
804 1889 848 1941 est
861 1880 1003 1959 corpus:”
1018 1881 1069 1940 sed
1083 1901 1100 1940 c
1114 1890 1216 1940 contra
1232 1879 1316 1940 debc-

216 2003 279 2042 rem
295 1982 457 2065 necessario
468 1965 581 2042 dicere:
602 1979 724 2039 “anima
737 1989 782 2039 eat
796 1977 920 2058 corpus'’
934 1999 981 2038 sc:
1002 1979 1124 2038 “anima
1137 1987 1181 2039 cet
1201 1979 1320 2060 aliquod

216 2073 352 2158 ‹orpus'’
395 2077 512 2158 Excipe
538 2077 580 2138 ab
603 2079 661 2138 hac
685 2077 790 2156 regula
815 2076 987 2156 praedicato
1010 2077 1176 2156 coopertaria
1202 2077 1246 2137 rel
1275 2077 1320 2138 his

215 2177 451 2256 aequipotentia:
473 2175 574 2235 nullus
587 2175 665 2235 enim
680 2173 838 2234 descensus
852 2174 882 2233 in
897 2173 943 2234 his
956 2173 1020 2234 lieri
1035 2184 1138 2253 potest

261 2272 351 2332 Ratio
364 2271 403 2348 d)
418 2271 585 2348 ast—Quia
609 2271 753 2332 terrainus
767 2269 947 2331 distributive
968 2273 1138 2351 suppositis
1152 2283 1194 2332 cst
1208 2275 1321 2332 urtice»

213 2369 294 2430 acilia.
309 2369 355 2448 (n.
371 2369 453 2444 103.)

267 2465 351 2526 Haec
365 2467 425 2526 duo
440 2466 639 2545 pronunciata
649 2467 691 2526 sic
706 2465 836 2526 breviter
846 2464 937 2526 etiam
951 2467 1105 2526 enunciari
1121 2479 1242 2544 possunt

222 2563 329 2624 r-rn
338 2564 535 2642 propositione
550 2562 721 2642 affirmativo
736 2561 940 2622 &aedicolam
953 2564 1077 2623 sumitur
1090 2563 1322 2641 rmoprelreaaicc,

261 2669 290 2718 ot
311 2683 370 2720 aon
384 2662 532 2731 metrice,
547 2659 700 2719 daravmodc
720 2680 776 2738 per
789 2681 818 2722 aa
831 2660 998 2738 inspectum,
1013 2663 1106 2738 maffia
1122 2668 1221 2739 pateat
1235 2681 1319 2741 qaam

264 2757 436 2835 rmtjestarn.
495 2757 498 2766 ⁴
753 2748 757 2756 ’
1086 2809 1092 2818 .

220 2855 348 2916 lle-Ira
369 2857 566 2934 propositione
591 2856 726 2934 repetire
753 2855 956 2916 &dedicatum
979 2858 1103 2916 sumitur
1126 2861 1272 2924 artemiae,
1294 2863 1323 2914 ot

265 2973 323 3012 noa
336 2951 569 3030 capraccia.

263 3049 467 3124 Quamobrem
492 3049 517 3108 si
541 3049 566 3109 S
586 3049 729 3136 exprimit
752 3048 928 3128 subjectum,
951 3049 982 3109 P
1002 3071 1073 3112 vero
1097 3053 1322 3131 praedicatum:

345 3143 512 3224 Propisitio
527 3145 700 3225 affimat-ica
714 3145 760 3206 his
774 3145 912 3207 formulis
926 3147 1110 3208 continetur:

491 3237 494 3246 ¹
693 3241 736 3302 “S
746 3251 790 3302 eat
804 3241 855 3302 P''

552 3339 596 3398 “S
607 3339 685 3398 idem
700 3349 744 3399 est
758 3359 793 3399 ac
806 3339 929 3418 aliquod
945 3339 994 3400 P’'

391 3513 394 3518 Ι
479 3437 521 3496 “S
533 3447 576 3496 cst
590 3455 682 3495 unum
697 3457 735 3495 ex
750 3436 939 3498 inferioribus
954 3461 1003 3494 ruo
1019 3435 1069 3498 P'’

404 3533 447 3593 “S
458 3535 627 3594 continetur
650 3534 679 3592 in
696 3533 748 3593 P’'
771 3543 924 3613 tamquam
947 3535 1071 3614 inserita
1092 3535 1123 3595 in
1137 3540 1288 3615 mrperiori.

349 3629 517 3708 Propositio
533 3650 602 3692 vero
617 3629 759 3708 negativa
774 3631 819 3691 his
833 3632 970 3692 formulis
984 3632 1168 3694 continetur:

659 3727 702 3786 “S
713 3747 771 3786 non
786 3736 830 3787 eet
843 3727 894 3786 P’'

415 3823 458 3880 “S
470 3843 529 3882 nou
543 3833 587 3882 est
602 3821 665 3882 ulla
680 3843 748 3902 pars
762 3823 928 3903 subjectiva
941 3824 1071 3885 notionis
1085 3825 1135 3885 P'.'

434 3921 476 3980 “d
488 3941 546 3980 non
561 3921 731 3981 continetur
744 3921 799 3980 sub
814 3923 985 3983 extensione
999 3943 1049 3978 roo
1066 3923 1096 3984 P

615 4017 658 4076 “S
668 4017 840 4078 excluditur
854 4039 873 4078 a
887 4017 937 4078 P''

268 4115 334 4174 160.
375 4115 633 4174 Considerandum
648 4124 693 4175 cst
706 4115 1010 4196 tertio-Propositio
1024 4116 1152 4179 Medulla
1165 4117 1326 4199 dupliciter

225 4213 326 4273 efferri
350 4223 453 4291 potest.
496 4212 567 4273 Uno
591 4213 679 4273 modo
702 4213 754 4287 ita,
777 4223 811 4274 ut
833 4213 938 4275 modus
964 4215 1167 4276 edvermdr’tcr
1187 4225 1326 4294 aceeptus

224 4313 365 4391 adjaceat
377 4313 505 4391 copulae
526 4312 735 4390 propositionis
748 4312 903 4373 absolutae
927 4335 953 4373 v.
975 4335 1003 4392 g.
1046 4314 1149 4375 “Deus
1162 4314 1325 4375 necessarie

224 4422 268 4469 est
299 4410 418 4470 benus.”
463 4411 568 4470 Altero
598 4409 684 4470 modo
710 4411 760 4483 ita,
789 4421 823 4471 ut
847 4411 953 4472 modus
979 4414 1166 4474 nominaliter
1188 4422 1324 4493 sumptus
