3172 4950
363 408 399 467 72
857 407 974 487 [sopri-u.

363 617 419 676 tur,
434 615 589 682 prmtterea
613 605 641 662 iu
668 605 818 664 communi
841 614 961 683 sumptu
984 603 1096 663 nullius
1117 615 1187 663 sunt
1212 603 1462 683 praedicamenti,

338 775 339 780 η
362 720 430 759 nom
447 687 489 776 (n.
506 701 568 776 53.)
593 701 765 778 aequivoca,
780 723 835 780 quo
852 701 934 773 lulio,
949 723 967 760 u
982 702 1222 780 praedicamento
1245 702 1458 770 exeluduntur,

361 819 414 857 ner·
428 798 465 856 ad
484 798 756 876 pmediramentum
780 799 938 877 pertinent,
953 800 1008 858 nisi
1033 801 1147 861 rationo
1161 801 1394 880 signifirutorum
1406 826 1463 880 pm·

360 917 394 953 se.
438 894 640 969 Quamobrem
659 895 799 954 vitandae
820 895 998 956 confusionis
1021 917 1119 968 ouum,
1136 909 1199 975 post
1220 898 1460 976 praediruutrutu

362 991 481 1050 tractari
498 990 601 1061 solent,
616 1004 706 1069 atque
719 990 786 1051 ideo
798 991 1104 1069 post-praedirmumtlo
1119 993 1268 1053 dicuutur.

401 1089 543 1166 Quinque
571 1090 748 1150 truduntur:
763 1111 823 1160 so:
855 1090 1010 1168 oppositio,
1039 1091 1193 1162 I'rioritus,
1220 1093 1322 1162 Simul,
1353 1093 1457 1153 trouu.

363 1187 486 1249 Habere
530 1188 576 1248 Dr,
591 1189 774 1268 oppositione
784 1191 848 1268 jam
860 1210 951 1267 supra
965 1189 1080 1268 loquuti
1096 1210 1197 1250 snmus
1209 1195 1252 1267 (n.
1268 1191 1330 1263 28).
1373 1191 1459 1250 unffi-

361 1287 418 1346 εἰει
432 1287 531 1364 itaque
546 1285 660 1365 aliquid
676 1286 713 1346 de
727 1288 850 1347 caeteris
864 1285 1005 1346 delibare.

401 1383 534 1459 Quaeres
549 1382 701 1459 I.—Quot
715 1382 810 1443 modis
824 1403 917 1442 unum
933 1382 1027 1444 altero
1048 1385 1134 1461 priua
1147 1384 1206 1442 diei
1223 1385 1338 1462 potest?

400 1481 447 1540 91.
490 1479 859 1559 &spondeo-Quinque
882 1479 984 1540 modis.
1028 1479 1071 1539 Hi
1095 1490 1194 1540 autem
1218 1492 1288 1540 suut
1319 1481 1458 1560 priorita-

361 1579 508 1654 teutporr's;
523 1576 684 1636 seeundum
695 1576 869 1636 adoisleudi
879 1579 1125 1656 emmerammum
1140 1576 1253 1636 ordinis
1260 1600 1270 1646 ;
1286 1577 1459 1654 riputati„

361 1679 489 1732 ruiturae
535 1673 575 1738 Et
591 1691 610 1734 ι.
625 1673 744 1752 quidem
763 1676 906 1752 prioritas
920 1677 1053 1753 ternporis
1076 1674 1212 1747 liabetur,
1227 1676 1348 1754 quando
1363 1697 1455 1736 unum

360 1771 509 1848 praeeedit
531 1770 657 1830 alterum
681 1770 840 1832 duratione
865 1782 898 1832 ut
913 1793 940 1831 v.
955 1793 982 1849 g.
1006 1771 1096 1852 Troja
1120 1772 1267 1844 Romam3
1290 1773 1337 1832 hir¹
1353 1774 1459 1833 modus

360 1867 521 1945 prioritatis
532 1870 708 1944 praeripuuo
721 1877 766 1928 εει
775 1890 781 1938 ;
797 1877 862 1927 tum
876 1869 947 1946 quia
957 1868 1091 1928 omnium
1101 1869 1292 1940 'notissimum
1308 1878 1372 1929 trun
1387 1871 1457 1948 qnia

354 1951 492 2040 prirrtduu
506 1963 676 2041 impositum
698 1973 761 2024 tum
777 1963 848 2042 quia
869 1963 987 2024 demum
1014 1964 1136 2044 reliqua,
1151 1985 1227 2043 quae
1242 1966 1342 2044 priora
1356 1966 1459 2026 diruu-

359 2073 417 2132 tur,
431 2071 552 2120 eatenus
561 2060 666 2138 priore
680 2059 920 2130 denominantur,
934 2072 1080 2139 qnatenus
1094 2061 1132 2120 ad
1149 2061 1333 2139 prioritatem
1348 2071 1458 2140 tempo

360 2143 398 2218 ris
420 2159 596 2230 referuntur,
612 2163 654 2234 (n.
671 2157 810 2234 24).-11.
831 2157 977 2216 llam-ius
996 2157 1158 2218 seeundum
1179 2157 1352 2217 subruendi
1366 2179 1456 2217 roure

359 2260 503 2337 pientiam
518 2255 646 2316 habetur
660 2255 737 2317 inter
751 2275 795 2328 ea,
806 2275 933 2335 quorum
949 2275 1042 2314 unum
1057 2255 1184 2314 infertur
1197 2274 1234 2314 ex
1250 2253 1319 2328 ulio,
1330 2253 1380 2314 sed
1396 2273 1454 2312 nou

359 2355 448 2414 infert
462 2354 576 2432 ipsum:
597 2354 639 2412 sio
654 2351 768 2412 animal
783 2362 826 2413 est
836 2355 923 2430 prius
938 2352 1068 2424 homine,
1082 2371 1153 2411 nam
1168 2351 1296 2411 infertur
1309 2371 1347 2412 ex
1364 2351 1456 2411 homi-

361 2439 412 2524 ue;
436 2461 467 2511 at
482 2471 539 2510 nou
555 2451 645 2511 infert
659 2451 827 2511 hominem:
849 2461 930 2512 tenet
944 2450 1022 2510 enim
1044 2450 1214 2530 hujusmodi
1228 2452 1437 2530 consequentia
1449 2473 1457 2522 ;

355 2547 457 2608 “homo
479 2554 537 2606 est:
567 2565 636 2626 ergo
661 2556 705 2606 est
728 2547 878 2606 onimol:”
907 2556 940 2606 at
963 2566 1022 2606 non
1046 2545 1184 2606 vicissim.
1226 2545 1269 2606 Et
1291 2547 1456 2625 generatim

358 2643 458 2704 omnia
480 2643 661 2704 universalia
675 2644 735 2706 suis
755 2643 953 2718 inferiofibus,
968 2644 1024 2704 hoe
1044 2645 1173 2704 seeundo
1187 2644 1276 2705 modo
1294 2647 1401 2723 priora
1414 2645 1459 2724 di-

353 2751 565 2802 euntem-111.
587 2741 733 2802 Prioritou
746 2741 867 2814 ordinis,
882 2763 941 2803 non
953 2743 983 2802 in
998 2753 1140 2821 tempore,
1154 2763 1249 2823 neque
1263 2744 1294 2802 in
1310 2742 1455 2814 illatione,

313 2878 318 2887 ·
357 2837 452 2898 sedin
468 2837 597 2916 quadam
621 2839 748 2899 duorum
771 2839 819 2900 vel
842 2839 975 2922 plurium
998 2838 1176 2900 habitudine
1198 2840 1340 2910 consistit,
1354 2861 1456 2900 seeun-

357 2935 429 2995 dum
444 2955 534 3014 quam
549 2955 642 2994 unum
665 2935 794 2997 alterum
808 2937 856 2997 vel
871 2936 933 2997 ulia
953 2936 1120 3016 praeeedit:
1142 2937 1184 2996 sio
1205 2937 1309 2996 ordine
1330 2937 1455 3015 discipli-

366 3053 483 3094 uaesen
498 3033 622 3093 docendi
647 3033 760 3112 Logioa
783 3023 1022 3114 Metaphysieam
1046 3032 1207 3111 praeeedit,
1230 3032 1334 3093 ordine
1356 3042 1454 3092 autem

358 3131 475 3191 dicendi
487 3132 671 3210 proaemium
688 3132 899 3206 narrationem,
913 3145 1003 3211 atque
1017 3132 1091 3192 haee
1105 3131 1359 3192 confirmationem
1375 3151 1456 3209 prae·

359 3227 530 3300 cedit—tv.
552 3227 698 3287 Meritus
718 3228 869 3307 diynitolis
890 3229 1023 3290 consistit
1038 3229 1068 3288 in
1083 3227 1260 3288 excellentia
1276 3227 1363 3286 unius
1385 3247 1456 3306 prae

357 3325 470 3398 altero;
491 3325 533 3386 sio
557 3325 623 3387 Rex
646 3327 728 3405 prior
751 3337 795 3386 est
816 3328 875 3388 suis
900 3327 1059 3387 ministris:
1081 3325 1130 3384 hio
1154 3334 1253 3384 autem
1281 3323 1384 3383 modus
1408 3323 1454 3399 (ut

357 3420 494 3482 observat
509 3421 699 3499 Aristoteles)
712 3421 800 3482 valde
815 3423 994 3502 improprius
1005 3433 1059 3494 εει,
1070 3422 1142 3500 qnia
1155 3440 1215 3480 non
1229 3441 1296 3480 vere
1310 3418 1455 3479 fundatur

359 3520 387 3577 in
403 3519 472 3597 ipsis
488 3518 583 3590 rebuS,
597 3518 648 3579 sed
663 3519 761 3598 potius
776 3519 806 3579 in
821 3521 1041 3580 existimatione
1063 3520 1228 3592 hominum,
1243 3539 1319 3597 quae
1334 3517 1453 3596 quidem

356 3625 400 3676 est
422 3614 510 3676 valde
532 3616 698 3676 extrinseca
721 3615 817 3688 rebus,
839 3637 916 3694 quae
936 3617 1034 3694 priora
1057 3627 1086 3676 et
1115 3615 1276 3694 posteriora
1305 3613 1453 3672 dicuutur.

358 3709 584 3784 Verumtamen,
600 3723 633 3772 ut
654 3711 776 3789 quidam
794 3723 909 3790 putant,
926 3713 973 3771 hio
988 3713 1092 3772 modus¹
1111 3715 1232 3788 prrprie
1246 3712 1285 3770 di
1295 3713 1364 3782 itur,
1379 3712 1402 3768 si
1418 3713 1454 3769 dr·

357 3807 505 3886 dignitate
518 3807 550 3867 iu
565 3815 630 3868 autu
645 3811 743 3887 primo
757 3830 808 3868 seu
822 3809 1043 3887 fundamentoli
1056 3821 1100 3869 est
1113 3830 1216 3870 sermo.
1261 3827 1288 3868 v.
1313 3808 1456 3868 Priorum

357 3911 480 3964 araturae
502 3904 630 3965 habetur
651 3905 729 3965 inter
751 3906 820 3979 duo,
841 3927 966 3984 quorum
993 3927 1084 3966 unum
1100 3927 1167 3965 oum
1190 3905 1283 3965 altero
1307 3905 1336 3964 iu
1359 3925 1456 3964 ronse·

356 3999 477 4080 quentia
499 4001 683 4062 oonvertitnr
704 4013 735 4062 et
757 4001 838 4062 illins
862 4011 906 4062 ost
927 4023 1034 4062 eausa:
1055 4003 1097 4062 sie
1121 4002 1209 4062 bomo
1231 4001 1313 4080 prior
1335 4013 1379 4061 est
1400 4020 1453 4060 suu

356 4097 541 4170 risibilitato;
563 4099 635 4177 quia
648 4098 726 4159 inter
741 4109 900 4178 utrumque
914 4109 958 4159 eut
972 4109 1077 4159 mutua
1098 4099 1317 4177 consequentia,
1331 4109 1362 4158 et
1375 4097 1457 4157 insu·

357 4214 409 4274 per
422 4194 511 4255 homo
526 4193 675 4274 (intellige
685 4195 810 4256 essentia
824 4195 967 4271 hominis)
979 4205 1023 4256 est
1037 4194 1216 4256 risibilitatis
1228 4215 1325 4256 eausa.
1367 4193 1454 4254 Haeo

356 4299 457 4354 autem
478 4291 618 4372 prioritas
640 4313 700 4353 non
721 4292 795 4354 dicit
816 4295 951 4371 euporo
968 4294 1202 4371 promerueram,
1224 4312 1294 4352 nam
1318 4290 1407 4352 homo
1429 4303 1457 4350 et
