3118 4956
433 434 479 500 De
506 435 600 493 Tertio
623 433 730 496 Mentis
756 431 935 510 Operatione.

636 724 675 784 N.
699 724 737 790 V.

459 919 591 980 Fallacia
613 919 744 996 Fiynroc
759 919 912 979 Dictioois.

175 1114 242 1174 266.
286 1114 399 1191 Fipuro
429 1113 571 1185 dictionis,
600 1121 688 1191 prout
715 1112 764 1172 hic
791 1113 927 1186 sumitur,
955 1124 1014 1174 est:
1051 1113 1233 1176 “similitudo

134 1211 224 1270 unius
247 1210 385 1270 dictionis
407 1209 445 1269 ad
469 1209 632 1270 aiteram:'’
654 1211 905 1288 quemadmodum
930 1211 971 1284 id,
986 1213 1065 1290 quod
1080 1212 1166 1274 alteri
1190 1223 1233 1274 est

131 1306 238 1377 simile,
250 1305 361 1366 dicitur
374 1326 434 1366 esse
445 1307 484 1366 ad
498 1306 626 1384 figuram
641 1305 721 1366 illius
735 1307 857 1369 foetum.
900 1306 990 1372 Unde
1004 1307 1117 1387 figurae
1130 1308 1233 1370 dictio

133 1405 180 1465 nis
204 1403 326 1464 fallacia
348 1413 409 1463 est:
431 1403 584 1481 “deceptio
608 1403 834 1480 provenienses
857 1423 900 1477 eo,
915 1404 993 1482 quod
1016 1403 1119 1482 aliquo
1141 1403 1232 1464 dictio

134 1499 223 1559 alteri
238 1498 362 1560 dictioni
376 1498 481 1558 similis
493 1499 612 1558 videtur
625 1497 736 1558 habere
750 1498 886 1568 eumdem
898 1499 1085 1579 significandi
1101 1500 1232 1574 modum,

131 1615 221 1673 quem
244 1605 342 1655 tamen
358 1615 417 1654 non
432 1593 549 1668 habet.”
597 1595 691 1655 occsa
713 1595 837 1673 proinde
851 1597 1040 1674 apparentiae
1053 1605 1114 1658 est:
1137 1596 1235 1662 “simi-

133 1689 231 1751 titudo
241 1692 266 1762 ;''
292 1712 379 1750 coram
404 1712 474 1751 vero
502 1711 561 1752 uon
589 1692 754 1750 asistentine
780 1701 840 1752 est:
863 1693 1015 1756 “diversus
1042 1693 1229 1772 significandi

134 1788 309 1848 modus.’'-
736 1844 739 1854 .

175 1886 253 1947 Sunt
266 1899 366 1947 autem
382 1895 438 1946 tres
452 1887 540 1965 hujus
553 1886 693 1947 fallaciae
714 1887 961 1950 cnudi—Primus
976 1889 1081 1950 modus
1095 1888 1233 1967 provenit

137 2005 176 2042 ex
204 2005 248 2056 eo,
275 1984 356 2062 quod
383 1983 508 2044 diversis
535 1981 792 2062 vocabulisque
818 1983 929 2044 similia
951 1984 1101 2058 videntur,
1128 1983 1232 2044 cadem

138 2083 337 2159 grammatica
352 2081 467 2140 affectio
481 2079 633 2140 tribuatur
646 2101 674 2140 v.
689 2103 717 2159 g.
731 2081 756 2142 si
771 2079 837 2160 quis
851 2090 936 2160 putet
942 2081 1069 2159 frontem
1077 2091 1107 2142 et
1115 2088 1232 2159 pontem

130 2199 194 2238 esse
207 2177 361 2238 foeminini
376 2177 499 2256 generis,
514 2177 583 2237 abac
597 2189 627 2238 et
648 2177 736 2237 dobeo
759 2198 820 2238 esse
840 2179 986 2239 secundae
1008 2179 1231 2258 coujugationis.

132 2275 328 2336 —Secundm
343 2275 447 2334 modus
468 2275 606 2352 provenit
619 2295 657 2334 ex
672 2295 714 2346 eo,
730 2275 809 2353 quod
823 2275 927 2354 aliqua
940 2276 1040 2348 dictio,
1055 2295 1131 2355 quae
1144 2276 1233 2354 signi-

133 2375 204 2433 ticat
218 2393 270 2452 per
285 2373 407 2432 modum
422 2371 510 2432 unius
524 2371 767 2449 praedicamenti,
782 2382 877 2451 potest
891 2373 986 2434 videri
1000 2372 1167 2452 significare
1180 2393 1233 2452 per

132 2467 255 2528 modum
270 2467 402 2540 ulterius,
418 2477 451 2528 ut
463 2466 488 2526 si
499 2466 565 2545 quis
576 2457 687 2528 diceret
697 2487 725 2528 v.
737 2489 765 2546 g.
807 2468 1112 2546 “Quantumcumque
1126 2468 1232 2540 emisti,

132 2564 305 2625 comedisti:
329 2583 432 2624 carnee
445 2563 551 2624 modos
564 2563 678 2624 emisti:
700 2583 802 2626 carnes
817 2563 922 2630 modos
942 2563 1232 2626 comedisti.’'—Ter-

132 2663 192 2722 tius
221 2660 325 2722 modus
350 2679 387 2720 ex
411 2680 446 2720 eo
471 2659 617 2738 provenit,
638 2659 718 2739 quod
746 2659 846 2734 dictio,
867 2681 944 2740 quae
964 2682 1023 2724 rem
1043 2662 1232 2723 universalem

134 2758 293 2836 significat,
308 2757 428 2818 videtur
441 2756 609 2836 siguificare
622 2757 673 2818 hoc
693 2757 815 2837 (aliquid,
829 2777 879 2820 seu
891 2779 955 2820 roro
967 2760 1162 2836 depictorum
1183 2758 1231 2820 vel

135 2875 153 2914 e
168 2874 325 2916 converso:
347 2865 376 2913 et
390 2854 455 2925 hoc,
470 2853 517 2914 vel
533 2853 605 2932 quia
618 2853 768 2914 vocabula
782 2855 823 2914 rei
837 2854 999 2933 singularis
1012 2867 1042 2916 et
1055 2853 1232 2916 universalis

135 2951 231 3012 eodem
255 2951 336 3010 ruodo
360 2950 514 3021 desirantem
536 2949 583 3014 vel
598 2948 670 3029 quia
691 2969 778 3029 saepe
794 2971 852 3028 pro
874 2951 974 3012 eodem
996 2972 1027 3014 ro
1040 2953 1231 3030 occipriuotor.

138 3050 251 3109 Omnia
271 3048 455 3126 sophismate
468 3068 505 3108 ex
521 3057 637 3110 mutata
658 3049 852 3110 termiuomro
866 3051 1063 3126 suppositiorw
1077 3049 1136 3108 hue
1150 3067 1232 3108 revo

132 3157 248 3207 cantur.
291 3147 393 3223 Atque
407 3145 480 3204 haec
495 3145 532 3204 de
545 3143 672 3204 fallaciis
686 3144 718 3205 in
732 3144 861 3206 dictione
874 3144 1072 3205 sufficiant-

394 3553 438 3594 nt:
461 3551 631 3594 contuens
654 3551 764 3596 EXTRA
787 3551 978 3596 DIUPIONEM.

171 3731 209 3792 Iu
232 3731 361 3794 tallaciis
374 3743 462 3792 extra
486 3731 644 3792 dictionem
671 3730 804 3810 deceptio
818 3750 849 3790 se
873 3741 1001 3792 tenetes
1018 3737 1105 3809 pato
1126 3731 1170 3790 roi
1193 3749 1231 3790 ex

129 3849 223 3908 coque
244 3829 392 3908 provenit,
406 3828 486 3908 quod
502 3848 546 3888 res
560 3827 778 3907 quadamtenus
793 3828 1008 3902 couvenieutffl‚
1024 3829 1071 3890 vel
1088 3828 1231 3902 diversae,

131 3925 330 4005 accipiuntur,
355 3933 386 3984 ot
409 3925 579 4004 ‘simpliciter
606 3925 735 3997 eoedem,
765 3924 809 3986 vel
841 3924 983 3987 diversae.
1025 3924 1103 3986 Sunt
1130 3935 1229 3986 autem

132 4035 255 4103 septem,
269 4023 306 4084 de
320 4023 429 4102 quibus
444 4023 532 4084 modo
546 4021 694 4104 agendum
710 4033 762 4086 est
