3358 4952
525 485 569 546 De
596 487 693 547 Tertio
713 487 822 548 Mente'c
842 489 1023 567 operosiore.
1262 489 1318 548 169

353 659 365 680 ⁰
418 681 506 740 lintis
526 684 717 759 cereticpentie
740 687 888 744 eeietentia
903 685 998 764 exigit
1018 686 1205 746 existentiam
1230 685 1317 746 lintis

803 785 974 854 temerii,

420 876 517 957 Atqui
531 899 582 938 eus
597 881 763 958 cretiupens
779 883 871 940 ece-tetit
879 903 889 948 ,·

420 975 502 1052 Ergo
518 975 581 1036 Ens
595 978 790 1037 necessarium
806 977 915 1037 existit

256 1072 328 1132 «laur
344 1094 400 1150 age
414 1094 594 1153 consequens
616 1074 722 1153 prioris
737 1075 894 1146 ratiocinii,
909 1076 1067 1134 obsoletam
1090 1074 1181 1135 habet
1196 1075 1317 1134 uecessi-

215 1179 326 1239 tutem;
344 1171 520 1248 posterioris,
535 1171 710 1246 contingens
724 1182 784 1242 est;
801 1173 890 1243 tertii,
901 1171 1106 1250 hypotheticum
1117 1173 1316 1233 necessitatem

218 1267 317 1338 habet,
331 1267 436 1326 saltem
453 1267 548 1346 qmred
562 1288 621 1326 nos.
665 1267 741 1328 Dico
757 1268 853 1348 quoad
873 1289 932 1339 nos,
945 1251 1019 1346 onia
1032 1269 1055 1328 si
1079 1269 1240 1348 propositio
1254 1268 1317 1341 illa,

218 1382 296 1440 (pise
310 1363 480 1441 hujusmodi
498 1363 647 1443 judicium
662 1365 813 1443 exprimit,
828 1386 875 1426 so:

499 1460 582 1521 “Ens
604 1462 800 1521 necessarium
815 1475 858 1522 est
872 1463 1000 1522 existens
1010 1463 1035 1522 :''

217 1560 250 1616 ln
271 1581 299 1614 ec
321 1559 531 1630 consideretur,
546 1579 605 1618 non
630 1557 815 1638 hypothetico,
836 1561 886 1620 sed
910 1560 1039 1620 absolate
1063 1581 1182 1638 prorsus
1205 1561 1317 1638 gaudet

162 1667 166 1676 '
216 1656 405 1716 necesitate:
438 1645 481 1716 est
508 1657 587 1716 enim
615 1659 776 1718 existentia
803 1658 840 1718 de
867 1657 1001 1727 essentie,
1022 1659 1083 1718 imo
1110 1659 1174 1736 ipsa
1196 1661 1316 1718 ementis

216 1752 305 1812 lintis
319 1753 484 1826 necessarii,
499 1755 579 1833 quod
602 1755 644 1814 ita
667 1756 852 1815 essentialiter
866 1755 976 1826 existit,
992 1764 1025 1815 ut
1048 1765 1193 1834 repugnet
1218 1756 1314 1832 ipsum

214 1870 274 1909 nou
289 1850 422 1909 existere.
466 1849 590 1922 Veruru,
605 1851 746 1928 quoniam
769 1851 902 1912 humana
926 1873 1008 1912 mens
1023 1852 1125 1930 nequit
1148 1851 1225 1911 hauc
1240 1853 1315 1911 exis·

216 1945 340 2004 tentiam
359 1947 461 2005 realem
486 1945 573 2006 Entis
596 1947 749 2006 necesarii
766 1947 905 2026 colligere
919 1949 975 2008 nisi
990 1968 1028 2008 ex
1044 1948 1098 2019 his,
1112 1969 1189 2028 quae
1202 1950 1316 2028 experi-

213 2043 312 2104 entiae
326 2043 459 2122 subjecta
473 2055 551 2117 sunt,
564 2045 638 2122 (non
653 2045 731 2104 enim
748 2046 803 2104 uisi
818 2066 873 2124 ope
887 2045 1088 2124 experientiae
1099 2046 1162 2104 sire
1176 2046 1315 2117 interime,

212 2143 277 2200 sire
291 2150 432 2213 celemus,
444 2143 632 2202 existentiam
650 2152 779 2202 nostram
792 2153 1025 2222 ceterarumque,
1034 2163 1111 2221 quae
1125 2163 1177 2202 nos
1191 2143 1270 2202 circu
1276 2163 1315 2200 nr-

213 2249 304 2308 stent,
322 2259 419 2296 rerum
435 2239 644 2314 ett·ingimus):
667 2249 879 2318 consequenter
894 2239 1055 2318 propositio
1070 2239 1123 2298 ills
1137 2239 1275 2308 deducta.

498 2335 602 2414 “Ergo
624 2335 688 2396 Ens
703 2337 900 2396 necessarium
914 2337 1035 2398 existit”

213 2433 245 2490 Si
263 2439 404 2514 pupteewe
419 2431 541 2490 deducto
555 2434 766 2505 consideretur,
781 2453 835 2492 nec
851 2453 923 2511 pure
937 2433 1089 2512 analytice
1104 2433 1250 2493 censenda
1264 2443 1316 2504 est,

213 2548 268 2588 nec
283 2548 357 2606 pure
370 2528 547 2605 synthesim,
562 2537 591 2588 et
606 2529 799 2608 hypothetice
819 2529 932 2606 gaudet
946 2529 1117 2590 necessitate
1131 2531 1227 2608 qreood
1246 2552 1315 2591 noe:

215 2627 356 2685 nimirum
372 2635 416 2684 est
430 2625 610 2704 hujusmodi,
625 2637 659 2686 ut
674 2626 703 2685 vi
720 2626 858 2704 principii
872 2627 1033 2706 analytici:

210 2721 321 2782 “Entis
335 2723 533 2800 contingentis
547 2723 706 2782 existentia
716 2723 811 2801 exigit
821 2724 1009 2783 existentiam
1023 2723 1111 2784 Entis
1122 2725 1275 2784 necessarii
1289 2725 1314 2792 ;’'

215 2828 356 2897 repopnet
370 2821 549 2898 oppositum,
557 2819 637 2896 secto
652 2826 747 2880 tamen
761 2819 906 2898 lypotlteei
919 2819 999 2899 quod
1013 2841 1060 2879 sc:

516 2915 629 2977 “Eutie
643 2909 847 2996 contingentia
860 2917 1019 2977 existant.'’

254 3013 352 3074 Dices.
396 3013 478 3090 Ergo
489 3015 647 3074 necessitas
658 3014 833 3074 existentiae
848 3013 936 3074 Eritis
948 3014 1101 3094 necessarii
1113 3022 1156 3074 est
1172 3014 1313 3092 lrypothe

213 3112 291 3172 ticet

255 3207 438 3286 Respondeo.
480 3207 566 3286 Nego
581 3227 707 3286 prorsus.
750 3205 845 3267 Aliud
860 3208 939 3267 euim
954 3217 998 3268 est
1018 3209 1174 3268 necessitas
1188 3209 1316 3268 existen-

211 3305 272 3364 tiae
295 3304 381 3365 Eutis
399 3305 562 3376 necessarii,
577 3303 661 3364 aliud
677 3304 831 3374 necessitas
846 3303 1050 3376 conclusionis,
1066 3304 1096 3363 in
1111 3324 1171 3384 qua
1185 3303 1313 3364 affirme-

211 3412 263 3462 tur
286 3402 359 3463 haec
381 3403 557 3464 existentia:
581 3403 653 3462 haec
679 3401 852 3480 hypothetice
876 3401 1038 3462 necessaria
1061 3409 1114 3472 est,
1129 3420 1187 3461 uon
1212 3411 1311 3460 tamen

211 3497 343 3559 affirmat
358 3499 422 3559 Eos
436 3501 633 3560 necessarium
648 3497 819 3577 hypothetice
830 3497 965 3570 existere,
975 3497 1026 3557 sed
1042 3497 1168 3565 obsolute
1178 3499 1312 3558 existere.

197 3595 260 3655 (tf.
275 3594 305 3656 S.
320 3593 466 3655 Thomarn
484 3597 509 3656 1.
525 3615 553 3674 p.
568 3617 595 3674 q.
612 3595 638 3655 2.
650 3615 677 3654 a.
695 3595 720 3654 1.
