3074 4954
481 452 527 511 De
554 451 650 511 Tertio
672 447 779 510 Mente
805 446 986 526 Operatione.

481 644 646 723 “Agricola
660 643 749 704 sulcis
763 641 858 704 credit
871 639 982 703 aratia''

367 741 514 812 “Sorrina
530 762 606 820 quae
622 761 730 820 magno
745 741 864 802 foenore
878 738 982 800 reddet
995 757 1066 817 ager
1076 736 1101 796 :”

177 823 338 899 nonenim
354 859 518 918 semperne
539 838 702 899 rreooesario
716 838 773 898 hoc
786 836 928 916 sequitur,
943 843 978 894 ut
991 833 1177 913 experientia
1190 832 1282 892 <locet

224 935 296 998 Jarn
312 957 368 1014 age
382 957 483 996 ornnes
497 936 636 1014 formales
656 933 883 1012 consequentiae
897 941 967 992 sunt
980 931 1156 992 maneriae
1164 951 1174 1000 ;
1196 928 1284 1007 siqui·

178 1032 253 1092 dem
266 1053 368 1092 earum
383 1041 493 1093 natura
507 1043 558 1104 est,
571 1042 604 1091 ut
618 1031 714 1109 posito
725 1028 926 1101 antecedente,
937 1037 1284 1106 sequaturconsequens;

176 1128 345 1186 :rannnoles
359 1149 429 1188 vero
444 1149 502 1188 non
518 1129 598 1202 item,
612 1127 662 1188 sed
677 1127 856 1208 quandoque
869 1135 940 1188 sunt
953 1123 1142 1196 necessariae,
1153 1123 1285 1202 quando-

180 1245 244 1302 que
266 1224 444 1303 probabiles,
460 1235 492 1284 ut
508 1223 575 1284 illes
601 1224 784 1303 percurrenti
807 1223 858 1284 fiet
883 1222 1084 1282 manifestum.
1126 1219 1206 1280 Nam
1224 1240 1285 1298 ag

180 1323 216 1380 in
232 1322 291 1384 illis
313 1323 537 1402 consequentiis,
552 1343 628 1402 quin
651 1323 747 1383 eodem
772 1322 874 1382 ordine
898 1321 1002 1384 eadem
1027 1319 1158 1400 praecise
1182 1317 1283 1388 verba,

180 1429 250 1477 tum
266 1420 296 1478 in
319 1419 519 1492 antecedente,
536 1421 645 1480 tamin
661 1419 850 1498 consequenti
873 1419 1035 1490 continent,
1050 1427 1080 1477 et
1102 1427 1202 1478 tamen
1226 1435 1283 1476 nou

180 1527 257 1576 sunt
271 1516 393 1590 eaedem,
409 1538 462 1577 uer
488 1519 716 1598 aequipollente,
732 1517 805 1578 haec
819 1517 850 1577 vi
875 1517 1019 1576 materiae
1042 1523 1086 1575 est
1110 1515 1284 1574 renasci-ia:

181 1612 308 1673 “Homo
331 1624 375 1676 est
396 1614 507 1674 animal
519 1615 544 1676 :'’
567 1637 633 1694 erpo
649 1615 763 1676 “omnis
787 1615 876 1676 homo
891 1623 934 1676 est
956 1611 1068 1674 animal
1080 1611 1105 1671 :”
1127 1611 1201 1671 haee
1215 1630 1285 1670 vero

174 1709 360 1787 prwdodilr's:
382 1711 501 1772 “Mater
523 1713 623 1792 diligit
647 1712 759 1772 flliosi’
780 1733 850 1792 ergo
875 1717 990 1772 “mater
1011 1731 1031 1774 x
1056 1709 1157 1790 diligit
1180 1708 1284 1768 fili0s.''

181 1807 222 1866 In
238 1807 283 1867 his
297 1819 408 1881 autem,
421 1829 498 1888 quae
512 1809 696 1870 concludunt
710 1809 813 1870 ordine
826 1810 946 1882 irruerao,
962 1809 1035 1871 haec
1048 1815 1093 1884 est
1106 1806 1284 1866 necessario:

178 1903 310 1965 “Omnis
323 1904 413 1967 homo
427 1917 470 1967 est
484 1907 596 1967 animal
613 1906 759 1968 rationale
768 1907 795 1968 :''
810 1929 876 1985 erpo
891 1911 997 1968 “omne
1011 1904 1124 1970 animal
1140 1902 1285 1964 rationale

176 2011 227 2061 est
241 2001 347 2061 horu0”
370 2011 432 2064 etc:
456 2002 528 2064 haec
552 2023 622 2064 vero
645 2004 825 2082 probabilia:
847 2004 915 2084 “qui
940 1987 1099 2084 diligenter
1120 2001 1227 2073 studet,
1251 2001 1285 2060 fit

176 2097 287 2158 doctus
296 2098 322 2157 :'’
337 2121 404 2177 erpo
420 2099 488 2178 “qui
503 2099 538 2161 fit
552 2101 665 2174 doetus,
677 2101 836 2180 diligenter
849 2101 975 2162 studet.”
998 2099 1146 2160 Earndem
1159 2099 1284 2160 varieta-

175 2203 242 2252 oern
259 2193 392 2254 invenire
406 2207 449 2256 est
470 2197 499 2254 iu
516 2196 747 2270 inductionibus,
762 2196 906 2276 exemplis
930 2195 993 2268 eto;
1015 2195 1124 2276 pendet
1145 2194 1224 2254 euim
1246 2215 1282 2254 ex

175 2291 329 2352 varietate
343 2293 493 2353 materiae.
531 2295 572 2371 (n.
589 2293 681 2370 let).
723 2295 768 2354 Cf.
785 2293 919 2353 Fonseca
935 2290 1009 2370 (Ins.
1025 2291 1106 2351 Dial.
1123 2290 1141 2350 l.
1157 2291 1184 2350 6.
1200 2311 1240 2350 cc.
1257 2290 1282 2349 3.

177 2388 226 2452 4.)

223 2483 290 2544 216.
332 2483 514 2545 Declaratur
535 2485 678 2565 posterior
692 2486 859 2546 assertionis
880 2483 1044 2566 pera—Ut
1064 2493 1165 2544 autem
1179 2484 1281 2543 eadem

176 2581 409 2658 consequentiae
422 2582 519 2642 forma
533 2583 705 2656 retineatur,
720 2590 831 2644 mutate
845 2585 975 2656 malain
990 2581 1169 2662 requiritur;

222 2677 256 2748 a)
272 2675 317 2740 Ut
339 2677 438 2738 eodem
452 2679 599 2758 dispositio
615 2680 784 2753 verborum,
799 2680 830 2740 in
852 2679 960 2759 quibus
973 2681 1016 2742 cn
1029 2678 1177 2757 inserendi
1199 2679 1283 2750 inest,

176 2773 362 2834 retineatur:
385 2795 453 2836 uam
469 2776 500 2835 in
515 2775 572 2838 hac
586 2776 778 2856 dispositione
791 2778 833 2836 vie
846 2777 961 2854 formae
975 2775 1115 2838 consistit.
1158 2775 1282 2852 Quocir-

175 2889 217 2928 oa
233 2880 368 2930 mutatur
381 2871 478 2931 forma
493 2872 522 2931 in
539 2872 585 2932 his
599 2872 716 2934 duabus
730 2871 1057 2952 argumentationibus:

246 2976 258 2994 ’”
264 2981 370 3044 Omnis
384 2986 475 3044 artua
489 2995 533 3046 est
548 2985 677 3058 habitus,
819 2984 926 3047 Omnis
940 2984 1045 3044 cedrus
1060 2995 1103 3046 est
1113 2984 1280 3049 ntbstnntr'o.

194 3063 244 3121 1.-.
264 3063 370 3124 Omnis
379 3065 498 3148 justitia
512 3075 556 3128 est
569 3068 660 3131 cirtae
667 3087 678 3137 ,·
751 3065 777 3126 2.
820 3065 928 3127 Omnis
939 3063 988 3138 ,leo
1002 3065 1241 3126 estnedetzrnio:

264 3143 369 3204 Omnis
380 3143 499 3224 justitia
513 3155 556 3205 est
571 3145 700 3206 habitus.
820 3145 926 3206 Omnis
941 3144 986 3205 leo
1000 3157 1044 3206 est
1058 3145 1170 3205 cedrus.

176 3255 261 3316 Nam
276 3257 308 3316 in
324 3259 381 3335 (1.)
396 3259 551 3338 adjectum
565 3259 782 3320 enunciationis
796 3260 902 3338 prioris
913 3269 958 3322 est
965 3259 1170 3338 praedicatum
1182 3281 1281 3322 seeun-

175 3353 254 3424 dae:
277 3355 308 3412 in
324 3354 381 3432 (2.)
399 3376 469 3414 vero
484 3366 526 3415 est
541 3355 584 3414 ta
592 3356 805 3434 praedicatum.

222 3449 321 3511 Debet
334 3451 447 3512 servari
462 3451 560 3512 eaden
575 3454 696 3530 coeptio
707 3451 915 3526 ·rooobulornm,
927 3461 960 3512 ut
975 3471 1070 3534 perse
1086 3460 1184 3530 [auen
1199 3451 1279 3524 item,
1309 3511 1311 3514 .

174 3546 279 3606 eodem
293 3549 445 3626 pnntitns.
488 3546 571 3606 Hine
585 3546 628 3618 fit,
644 3557 676 3607 ut
690 3547 805 3606 defectu
828 3547 944 3625 prioris,
959 3547 990 3605 in
1006 3545 1051 3606 his
1066 3547 1280 3625 consequentiis

173 3643 282 3703 eadem
300 3640 397 3703 forma
411 3663 469 3703 uon
485 3643 648 3703 habentur:

276 3738 400 3801 “Homo
414 3739 590 3800 deambulat
601 3740 626 3798 :''
649 3762 715 3819 erpo
731 3739 857 3819 “aliquis
871 3741 961 3800 homo
975 3739 1177 3803 deambulat’'

274 3835 396 3896 “Homo
409 3847 453 3896 est
466 3837 576 3915 spolies
586 3838 611 3895 :'’
635 3858 701 3915 erpo
716 3837 843 3916 “aliquis
857 3837 947 3898 homo
961 3847 1005 3898 est
1018 3837 1156 3916 species.”

176 3930 258 3991 Nam
288 3933 318 3991 iu
348 3932 438 4011 priori
468 3932 548 3992 leonae
576 3933 754 4012 supponitur
780 3934 916 4005 rediter:
938 3934 969 3992 iu
998 3932 1150 4012 posteriori
1180 3933 1275 4012 apte.

176 4026 299 4088 Pariter
320 4028 377 4088 hae
391 4028 468 4088 duae
491 4028 656 4090 illationes:
679 4029 799 4090 “Homo
814 4029 937 4108 vigilat:
960 4052 1026 4110 erpo
1050 4049 1107 4092 non
1131 4030 1242 4092 dormit
1252 4032 1277 4102 ;”

173 4134 207 4184 et
221 4123 344 4185 “Horoo
354 4123 534 4204 vigilabat:’'
549 4146 615 4204 erpo
631 4130 708 4187 “uon
714 4125 887 4190 'dormiebat
895 4126 921 4186 :’'
936 4126 1040 4187 eadem
1054 4125 1280 4190 formacarent:

173 4221 248 4299 quia
268 4227 359 4280 anna
381 4232 523 4284 mutatur.
566 4223 658 4298 Quod
671 4222 708 4282 de
729 4225 924 4306 suppositione
937 4232 967 4283 et
988 4230 1065 4284 stulu
1087 4223 1228 4297 diximus,
1244 4225 1280 4289 de

172 4317 245 4378 aliis
260 4318 454 4378 terminorum
471 4320 703 4398 proprietatibus
718 4321 977 4398 proportionaliter
990 4321 1158 4382 dicatur.—
