3118 4956
444 447 491 506 De
517 447 613 506 Tertio
638 445 746 506 Mentis
776 443 957 524 Operatione.
1196 436 1253 497 189

191 641 308 720 “Mcqr's
321 651 420 702 nutem
436 647 505 700 noto
518 640 601 702 nobis
613 651 684 701 sunt
697 641 791 719 osopio
803 625 982 700 universalia
1003 685 1009 699 .
1025 685 1032 697 .
1048 685 1054 698 .
1070 684 1077 697 .
1098 636 1169 715 quia
1184 641 1255 694 sunt

150 742 245 817 osopio
266 738 392 818 coctura.
435 737 594 798 Discursus
616 757 687 817 ergo
710 747 808 798 noster
830 737 861 796 in
876 744 977 796 nostre
991 732 1160 812 cognitione
1173 739 1217 790 est
1232 751 1250 786 o

55 813 69 828 ⁶
149 837 243 914 inopis
256 835 468 895 irniuerootibus
482 835 520 894 ud
545 837 642 894 minus
665 833 850 894 universalia.
893 831 985 894 Unde
1008 833 1102 910 inopis
1115 838 1146 890 et
1165 829 1253 906 prius

151 931 356 1008 cognoscimus
376 953 434 1004 erro,
456 951 546 1010 quum
569 931 785 1003 substantium
806 941 837 1010 et
857 930 1055 1002 addentium,
1077 947 1167 1007 quam
1189 945 1254 996 ¹cor·

151 1047 224 1106 pus;
246 1038 276 1087 et
303 1047 414 1105 corpus,
442 1047 533 1106 quam
562 1028 729 1089 animatum
757 1047 880 1106 corpus;
902 1037 932 1088 et
956 1026 1117 1086 animatum
1141 1043 1253 1100 corpore,

151 1145 242 1204 quem
258 1125 389 1198 ouimsl;
410 1137 440 1185 et
454 1125 574 1198 coierat,
588 1145 678 1204 quom
694 1123 872 1185 hominem.”

193 1222 259 1282 “De
281 1223 334 1283 tuli
356 1232 456 1283 sutem
481 1221 615 1282 discursu
638 1233 681 1282 est
706 1222 901 1300 Syllopiomuo‚
915 1219 967 1299 qui
991 1217 1067 1278 nihil
1090 1215 1174 1276 aliud
1199 1226 1253 1284 est,

152 1339 244 1398 quom
266 1318 362 1379 oratio
376 1339 425 1378 seu
441 1318 632 1396 congregotio
653 1319 822 1378 orationum
839 1319 887 1394 (ut
908 1315 1030 1376 Boetius
1044 1313 1132 1382 dicit)
1148 1313 1178 1371 in
1194 1330 1251 1390 qua
1282 1321 1285 1326 “

150 1427 195 1476 est
209 1414 279 1476 talis
292 1415 449 1476 discursus.
492 1414 534 1474 Et
556 1403 625 1474 licet
645 1412 677 1473 in
702 1413 757 1474 tali
778 1413 912 1473 discursu
938 1410 1035 1471 multe
1059 1407 1172 1488 possint
1193 1425 1255 1465 esse

151 1514 258 1588 modic,
272 1526 303 1574 et
323 1513 436 1573 multae
454 1513 631 1592 praemissae
644 1513 684 1572 nd
700 1531 790 1572 unam
805 1509 1024 1573 conclusionem
1040 1553 1137 1570 .....
1152 1519 1252 1566 temen

151 1612 224 1690 quin
247 1609 374 1671 medium
398 1630 514 1688 semper
537 1609 665 1670 ducrum
691 1610 898 1669 cotronitctum
919 1618 963 1668 est
987 1607 1128 1678 medium,
1142 1605 1173 1664 in
1198 1602 1252 1664 tuli

150 1706 284 1766 discursu
314 1705 423 1766 multos
450 1705 728 1784 comprehendimus
762 1703 956 1786 syllogismos.
998 1701 1086 1765 Unus
1113 1722 1183 1780 ergo
1209 1711 1254 1764 est

149 1800 341 1882 syllogismus
357 1802 444 1862 unius
457 1801 548 1860 medii
561 1811 590 1862 ct
604 1802 733 1862 duarum
748 1804 964 1862 errtrernitntum.
1244 1781 1252 1800 ⁸

191 1899 252 1960 “Et
272 1901 345 1980 quis
358 1900 388 1959 in
404 1899 557 1978 praedicto
571 1899 705 1959 discursu
719 1900 906 1958 terminemus
924 1898 1049 1976 primnis,
1064 1895 1114 1975 qui
1137 1893 1254 1953 univer·

146 1995 240 2056 solior
253 2005 296 2055 est
310 2007 340 2055 et
354 2015 406 2074 per
419 2013 599 2072 consequens
612 1994 707 2072 magis
722 2004 818 2067 notus,
834 1993 930 2073 primo
944 1991 1109 2054 intellectui
1123 1991 1253 2051 occurrit

151 2091 264 2151 dicitur
277 2092 372 2170 umjor·
385 2092 563 2151 extremitas:
584 2094 744 2150 entremitco
764 2091 844 2151 enim
858 2090 984 2152 dicitur:
1006 2091 1078 2169 quis
1093 2089 1190 2168 primo
1204 2109 1249 2148 oc·

148 2189 243 2249 currit
270 2187 455 2259 intellectui;
477 2199 506 2247 et
533 2189 644 2266 major:
666 2187 737 2267 quin
764 2187 961 2248 universalior
988 2199 1018 2248 et
1046 2186 1142 2265 magis
1170 2195 1248 2246 notu

148 2285 300 2346 &medo
314 2295 413 2346 nutem
437 2286 585 2357 termium,
599 2285 651 2364 qui
674 2283 839 2345 intellectui
853 2285 991 2358 occurrit,
1006 2284 1114 2364 estqui
1130 2305 1188 2344 non
1209 2293 1252 2344 est

150 2383 194 2443 its
208 2382 393 2455 universalis,
408 2394 509 2444 temen
523 2383 687 2444 secundum
702 2383 801 2444 locum
817 2392 898 2444 tenet
912 2393 979 2462 post
996 2381 1126 2462 primum
1141 2381 1172 2441 in
1188 2381 1252 2440 uni-

147 2481 330 2552 versalitate,
346 2491 378 2540 ut
399 2493 443 2540 cst
456 2501 558 2558 connis
579 2491 645 2559 post
664 2480 861 2540 meditantium.
904 2479 987 2540 Huic
1001 2491 1102 2540 nutem
1122 2479 1251 2538 secundo

149 2577 278 2637 termino
298 2577 362 2656 jorn
388 2577 497 2637 scimus
522 2577 615 2637 inesse
639 2579 770 2657 primunr
796 2579 966 2651 terminum,
989 2587 1019 2638 ct
1044 2577 1117 2637 haec
1141 2575 1252 2637 dicitur

147 2677 243 2754 major
261 2677 439 2753 proposito·
460 2675 532 2753 quia
546 2675 628 2753 prior
650 2675 826 2754 cognitione.
868 2675 927 2736 Sed
950 2676 1022 2754 quin
1044 2674 1177 2735 noudum
1199 2674 1252 2735 sci-

143 2769 392 2830 mussecundum
414 2769 506 2830 inesse
530 2770 620 2830 elicui
648 2771 745 2832 minus
773 2771 935 2832 universali
960 2773 1096 2845 termino,
1112 2771 1251 2832 discurrit

149 2868 250 2928 odhuc
266 2868 351 2942 ratio,
365 2876 396 2927 et
417 2867 568 2944 cognoscit
589 2887 692 2946 corpus
705 2869 797 2927 inesse
811 2869 943 2942 animoli,
958 2867 1009 2928 ubi
1032 2869 1118 2941 sistit,
1133 2879 1162 2928 et
1176 2868 1250 2928 haec

148 2965 288 3044 (dicitur)
303 2975 347 3024 est
360 2968 456 3024 minor
464 2967 624 3042 propositio
635 2987 642 3037 ς
654 2977 683 3026 et
693 2966 795 3025 statim
804 2967 955 3044 cognoscit
964 2965 1151 3026 substantiam
1161 2967 1251 3026 inesco

147 3063 281 3132 oniorrrh',
295 3071 326 3121 ot
346 3061 420 3122 hoec
434 3073 477 3122 est
491 3063 639 3122 condrosio.
681 3063 769 3123 (iente
783 3063 814 3122 in
829 3063 892 3124 istis
906 3063 1040 3126 terminis
1054 3065 1179 3124 crodium
1193 3065 1252 3124 fuit

146 3173 259 3236 eorpus,
273 3171 303 3218 ct
324 3159 420 3237 ipsum
436 3159 496 3219 fuit
517 3181 613 3234 corno,
627 3160 707 3239 quod
722 3181 774 3221 nos
788 3161 929 3222 sciremus
950 3161 1138 3227 adstantium
1159 3163 1252 3223 inesse

146 3255 279 3314 «retincti.
323 3255 457 3317 Ultimus
471 3266 572 3317 cutem
588 3259 732 3318 terminus
745 3259 776 3317 in
799 3259 952 3338 praedicto
967 3260 1101 3321 discursu
1117 3260 1175 3322 fuit
1189 3263 1251 3321 uni·

146 3351 216 3424 mol,
232 3351 282 3412 ubi
305 3353 387 3412 stetit
409 3353 493 3424 ratio,
508 3367 538 3413 et
552 3365 673 3432 propter
693 3354 749 3414 hoc
763 3355 874 3415 dicitur
887 3358 983 3416 minor
1005 3359 1186 3427 euronium
1207 3379 1251 3418 cr·

152 3452 280 3508 tremitur
303 3450 430 3509 dicitur:
452 3450 523 3528 quis
551 3450 593 3511 ibi
618 3451 699 3512 stetit
724 3451 873 3512 discursus
898 3451 1037 3525 rationis;
1059 3455 1154 3514 minor
1180 3475 1249 3515 vero

147 3545 276 3606 dicitur:
299 3547 370 3625 quio
395 3547 492 3606 minus
517 3548 694 3608 universalis
718 3559 748 3608 et
772 3569 825 3627 per
849 3569 1028 3629 consequens
1054 3551 1152 3611 minus
1176 3561 1247 3612 noto

146 3645 242 3704 nobis.
285 3645 443 3705 Habemus
470 3665 539 3722 ergo
570 3665 673 3706 cousus
702 3645 848 3706 dictorum
875 3647 1040 3719 nominum,
1065 3657 1095 3708 et
1119 3649 1247 3708 rationes

146 3744 334 3801 terminorum
348 3753 378 3800 et
386 3744 614 3819 promissorum
628 3757 658 3802 et
671 3743 886 3803 emimonto?

187 3837 257 3897 “Ex
271 3837 359 3898 dictis
374 3848 469 3917 poteo
484 3851 593 3917 putere,
604 3839 683 3918 quod
699 3839 772 3899 dicit
787 3839 986 3919 Philosophus
1002 3843 1028 3902 1.
1044 3840 1155 3902 Poster.
1168 3842 1248 3919 quod

146 3936 241 4014 neojur
257 3937 414 4013 propositio
429 3947 482 3994 ‘est
499 3937 586 4012 prius
611 3945 682 3995 nota
707 3936 894 3997 conclusione
920 3945 1026 3998 recturo
1051 3950 1081 3999 et
1105 3946 1250 4016 ternpore:

143 4039 275 4101 victoum·
296 4031 367 4110 quia
389 4031 508 4090 termini
523 4033 585 4111 ejus
599 4043 668 4092 sunt
685 4033 777 4111 magis
800 4033 989 4106 universales,
1006 4045 1039 4096 ut
1059 4034 1171 4095 dictum
1188 4047 1248 4096 est:

144 4135 268 4205 tempore
284 4147 370 4197 vero;
391 4127 463 4205 quio
488 4127 516 4186 in
542 4128 675 4187 discursu
702 4129 825 4189 rationis
851 4129 932 4208 prius
952 4131 1026 4190 scivi
1051 4129 1248 4192 substantiam

145 4225 237 4282 inesse
253 4223 377 4302 corpori,
392 4242 482 4302 quam
506 4223 598 4283 inesse
620 4224 897 4285 animali-Minor
911 4225 1010 4286 autern
1029 4229 1189 4305 propositio
1204 4241 1247 4290 ost

142 4324 224 4402 prius
239 4333 310 4384 noto
324 4329 441 4396 notura,
457 4343 516 4382 non
530 4335 631 4383 nutem
646 4330 777 4402 tempore.
812 4323 954 4394 Natura,·
977 4327 1049 4404 quio
1064 4347 1154 4387 causa
1168 4329 1250 4407 prior
