3358 4952
505 450 552 514 De
572 450 706 513 Secundo
731 449 835 511 Meroth
862 447 1043 528 (hermione.
1269 443 1322 508 107
1417 521 1418 524 Ἴ

214 647 425 728 *esseohjectioe
438 651 580 721 diversas,
595 659 751 728 propterca
767 650 836 727 jure
850 649 940 708 etiam
955 647 1132 707 describitur
1152 645 1324 714 Judicium;

214 753 332 820 “actus
347 768 405 825 quo
422 767 504 806 mens
520 767 579 806 reni
595 746 730 806 eamdem
745 757 799 804 aut
814 766 857 804 res
872 745 1003 805 diversos
1018 743 1136 804 duabus
1151 742 1320 803 notionibus

219 846 349 924 exprimi
363 844 519 904 sffirrnat’'
1045 854 1050 864 “

263 941 507 1019 Quaeres-Istc
529 962 661 1001 assensus
678 940 723 1000 vei
739 941 884 998 disemus
901 940 1014 1008 mentis,
1030 938 1051 1000 J
1055 937 1185 998 odicium
1201 955 1248 996 sc:
1270 947 1325 996 est·

225 1061 261 1098 ne
275 1049 360 1098 actus
374 1039 413 1099 ab
428 1040 492 1117 ipsa
506 1038 740 1117 apprehensione
755 1058 848 1096 nexus
863 1036 1028 1108 distinctus,
1043 1057 1082 1095 an
1097 1037 1198 1096 secus?

263 1135 439 1214 Respondeo
460 1135 614 1194 L—Haec
629 1135 770 1212 quaestio,
788 1148 888 1212 utpote
902 1137 1046 1192 entitatem
1060 1144 1144 1194 actus
1160 1133 1324 1211 respiciens

221 1233 262 1292 ad
278 1231 485 1310 PsycoIogiam
513 1233 617 1311 potius,
643 1253 732 1310 qums
759 1232 796 1290 ad
827 1231 967 1310 Logicam
997 1233 1130 1310 pertinet
1174 1231 1325 1307 Quoniam

228 1351 299 1390 vero
323 1329 441 1390 Auctor
465 1331 514 1390 hic
539 1330 621 1390 illam
646 1341 817 1414 pertractat
834 1330 987 1390 uer-essitas
1013 1329 1098 1390 nobis
1122 1329 1278 1402 incumbit,
1294 1341 1328 1390 ut
1396 1399 1398 1406 Ι

228 1425 343 1504 aliquid
368 1427 473 1486 saltem
497 1427 536 1486 de
561 1426 615 1486 ills
640 1429 808 1486 innuamus.
850 1415 927 1486 Sunt
953 1427 1053 1505 itaque
1077 1428 1134 1487 huo
1150 1427 1179 1486 in
1195 1447 1226 1486 re
1249 1427 1328 1486 duae

221 1525 389 1602 opiniones,
414 1545 491 1602 quse
519 1525 685 1614 mntqariae
712 1525 858 1584 videntur.
903 1525 1008 1602 Aliqui
1036 1524 1114 1584 enim
1144 1524 1327 1596 existimant,

223 1622 370 1698 judicium
386 1642 436 1682 seu
452 1642 601 1682 assensum
619 1623 663 1681 vel
687 1622 848 1682 dissensum
867 1622 972 1681 mentis
986 1621 1025 1680 ab
1041 1622 1104 1700 ipsa
1121 1621 1335 1698 perspicientia

225 1721 439 1779 (praescientiae
454 1719 501 1780 vel
516 1719 727 1796 disoeqrantioe
742 1720 874 1778 idearum
893 1739 948 1778 non
965 1719 1117 1796 distingui.
1161 1718 1252 1778 Ratio
1266 1727 1327 1788 eat5

225 1815 298 1892 quia
313 1825 412 1874 mente
433 1816 574 1875 assentire
589 1829 642 1875 aut
664 1816 818 1874 dissentire
841 1815 918 1874 idern
934 1827 977 1874 est
991 1835 1026 1874 ac
1040 1814 1155 1892 aliquid
1178 1813 1329 1876 affirmare

229 1910 274 1970 vel
294 1931 417 1989 negare:
440 1913 546 1970 meritis
567 1922 665 1970 autem
689 1911 848 1970 affirmatio
864 1911 909 1970 vel
933 1912 1051 1988 negatio
1072 1931 1131 1970 non
1147 1911 1202 1970 nisi
1221 1912 1249 1969 in
1267 1931 1328 1989 pen

227 2008 362 2086 ceptione
375 2007 478 2086 aliqua
500 2008 558 2068 sita
582 2021 642 2076 est;
664 2028 741 2086 ergo.
784 2006 871 2066 Haeo
898 2007 972 2066 mtio
998 2007 1175 2066 convincens
1201 2007 1328 2066 videtur.

229 2104 505 2164 Hancsententiam
522 2117 693 2183 propugnat
708 2105 824 2164 Auctor
835 2109 899 2180 (nn.
916 2105 962 2163 m.
979 2105 1025 2163 50.
1042 2103 1104 2184 51.)
1117 2122 1203 2181 quem
1220 2104 1328 2162 conten

229 2201 293 2260 Alii
320 2221 389 2260 vero
414 2201 595 2260 eucharium
622 2201 818 2268 arbitrantur,
846 2201 976 2260 volentes
1005 2201 1082 2259 hanc
1111 2201 1329 2278 perceptionem

228 2297 452 2356 introvenientiae
465 2309 519 2356 aut
541 2296 757 2375 discrepantiae
773 2299 863 2373 (quae
879 2295 952 2354 nihil
969 2296 1053 2355 eliud
1068 2308 1120 2368 est,
1137 2297 1229 2376 juxta
1243 2297 1329 2374 ipsos,

127 2433 131 2442 .
227 2415 318 2472 quarn
349 2415 429 2454 mera
456 2394 652 2472 apprehensio
673 2394 881 2470 comparetis-a)
905 2414 964 2452 (sse
992 2393 1112 2471 quidem
1140 2393 1329 2453 corrditionem

228 2493 391 2552 necessario
414 2491 584 2570 requisitam
600 2491 638 2550 ad
656 2490 815 2569 judicium,
832 2490 926 2567 ipsum
943 2501 1041 2548 autern
1060 2490 1209 2569 judicium
1235 2489 1330 2550 nulla·

230 2591 503 2649 tenusronstt'tuera
546 2588 605 2647 His
627 2599 725 2647 autem
751 2588 934 2666 potissimum
962 2588 1125 2648 rationibus
1150 2589 1331 2649 innituntur·

228 2700 264 2753 n)
280 2685 464 2764 Hujusmodi
484 2685 682 2764 apprehensio
703 2705 794 2744 causa
807 2699 850 2762 tut
871 2707 920 2742 seu
945 2685 1226 2763 motivurn'jodioii,
1240 2695 1332 2764 atque

230 2783 341 2842 idcirco
365 2783 404 2844 ab
429 2781 491 2862 ipso
516 2783 676 2855 distincta;
700 2783 843 2844 motivum
871 2795 981 2855 sutem,
1005 2785 1057 2844 etsi
1073 2806 1091 2843 a
1114 2797 1199 2863 parte
1223 2785 1331 2865 objecti

230 2880 410 2949 inveniatur,
427 2901 483 2939 non
509 2892 602 2958 prtest
617 2895 715 2940 tamen
733 2901 850 2939 movero
866 2881 1050 2941 intellectum
1065 2882 1103 2941 sd
1122 2883 1331 2962 judicandum,

230 2979 286 3037 nisi
311 2978 392 3056 prius
406 2977 656 3055 apprehendetur.
700 2978 731 3052 b)
749 2979 957 3056 Apprehensio
971 2980 1197 3057 consequentiae
1211 2991 1254 3039 est
1269 2981 1334 3058 qui-

230 3076 298 3134 dem
314 3077 537 3135 ouruenieutiae
551 3076 755 3153 apprehensio.
772 3097 829 3136 non
846 3077 911 3136 ideo
928 3087 1025 3136 tamon
1041 3089 1085 3137 est
1101 3078 1282 3160 judicium..
1302 3081 1330 3156 o)

234 3171 265 3229 in
282 3173 433 3231 contraria
447 3171 603 3250 hypothesi
621 3170 736 3231 nullum
753 3185 835 3244 esset7
847 3183 900 3232 aut
913 3173 1020 3232 saitem
1036 3173 1156 3234 difficile
1170 3173 1333 3253 explicare

231 3253 289 3340 tur,
300 3269 446 3347 judicium
464 3269 664 3340 temerarium,
675 3270 823 3348 judicium
841 3271 1032 3348 imparatum.
1044 3271 1192 3350 judicium
1214 3273 1332 3334 falsum.

228 3367 357 3426 Addunt
372 3367 402 3426 hi
417 3376 551 3428 auctores
565 3369 747 3427 contrariam
761 3368 930 3444 opinionem
946 3389 1003 3428 non
1016 3369 1087 3428 setis
1099 3369 1252 3430 conciliari
1264 3392 1332 3432 cum

230 3465 321 3526 variis
342 3467 448 3526 mentis
470 3465 605 3536 statibus,
621 3475 730 3525 etcum
748 3466 838 3526 variis
860 3467 1063 3546 pronunciatis
1084 3469 1281 3530 communiter
1294 3467 1334 3529 ab

230 3563 368 3622 erunibus
383 3563 526 3622 admissis.
569 3565 614 3622 cf.
631 3563 792 3641 Tongiorgi
807 3563 908 3642 (Psyc.
924 3563 959 3622 de
971 3563 1117 3640 Judirio.)

274 3661 449 3738 Responderi
479 3659 777 3736 IL-Quaestionern
803 3661 880 3720 hono
902 3661 1019 3739 pionius
1041 3661 1189 3720 sciremus
1213 3663 1334 3740 quando

211 3758 428 3837 ‚opportunior
452 3756 576 3816 dabitur
602 3756 685 3816 nobis
710 3757 766 3816 hac
792 3757 828 3815 de
853 3777 884 3817 re
906 3757 1079 3836 disputandi
1105 3758 1202 3830 iorrrs;
1226 3759 1335 3820 multas

233 3855 311 3913 onim
325 3855 608 3932 quaestionesque
622 3854 652 3913 in
668 3854 881 3932 Critereoiogiu
897 3857 1067 3933 praesertim
1084 3857 1206 3916 tractari
1230 3857 1334 3931 solent,

233 3953 344 4012 solutas
364 3953 513 4030 supponit.
556 3949 625 4010 Non
652 3952 705 4012 abs
720 3972 750 4010 re
766 3964 864 4012 tamen
880 3953 936 4011 erit
950 3973 1027 4030 quse
1041 3953 1078 4012 de
1100 3963 1209 4012 natum
1225 3954 1332 4034 judicii

232 4051 349 4110 dimerit
370 4050 488 4122 Soarez,
504 4049 554 4109 hic
574 4051 695 4122 afferre;
717 4050 800 4110 clara
822 4051 901 4109 enirn
922 4061 1001 4122 sunt,
1016 4061 1045 4110 et
1059 4071 1136 4128 quae
1150 4059 1239 4110 antea
1259 4047 1336 4111 dixi·
1390 4128 1395 4138 Ι

234 4169 299 4208 mus
324 4147 501 4207 confirmant
515 4167 550 4206 ae
565 4145 718 4206 illustrant
741 4146 898 4224 simulque,
913 4147 986 4224 quid
1002 4146 1058 4206 hac
1073 4149 1103 4205 in
1120 4165 1150 4206 re
1175 4147 1334 4207 tenendum

233 4244 317 4304 uobis
339 4245 385 4316 sit,
400 4245 542 4322 aperient.
587 4244 693 4322 Itaque
714 4243 751 4302 ds
769 4242 884 4323 judicio
898 4243 1042 4303 disserens
1064 4244 1191 4304 eximius
1216 4242 1337 4310 Docton

230 4353 386 4421 postquam
411 4341 548 4420 probavit
569 4341 726 4403 Judicium
748 4361 807 4400 non
829 4361 890 4400 asse
911 4353 1011 4401 ectum
1027 4341 1162 4420 reflexum
1181 4361 1336 4422 perquem
