3138 4956
434 449 481 510 De
507 449 604 510 Tertio
628 449 736 510 Montes
762 448 943 540 Operatiopo.
1183 443 1242 504 283

134 643 181 702 vei
196 641 363 715 diuidendo,
376 643 424 704 vel
438 644 529 703 etiam
543 642 754 703 ratiocinando.
798 642 840 702 Et
855 651 977 721 propter
990 642 1047 701 hoo
1058 639 1147 701 etiarn
1162 640 1241 700 cirea

136 739 205 798 illus
233 739 447 817 propositiones
471 759 570 798 errure
596 759 654 798 uon
679 747 783 817 potest,
806 759 878 818 quoe
902 740 997 797 rtatim
1025 743 1241 816 oopnosruntur,

136 835 258 912 cognitu
269 834 464 895 terminorum
476 835 663 913 quidditate3
677 835 754 894 siout
765 834 875 894 accidit
883 834 963 894 circs
969 836 1071 912 prima
1080 833 1243 911 princip-io,

136 951 176 988 ex
191 929 303 1008 quibus
314 930 404 990 etism
420 930 531 990 oceidit
544 930 747 990 infallibilitss
762 931 896 990 veritatis
911 930 1075 990 secundum
1091 928 1242 989 certitudi-

139 1047 206 1085 nem
222 1027 362 1086 soientioo
376 1027 456 1086 oiron
470 1026 700 1094 corrolusiones.”
743 1026 792 1086 Ita
806 1027 956 1105 sapienter
969 1011 999 1086 S.
1015 1026 1140 1086 Dootor.
1157 1025 1198 1088 (1.
1214 1045 1241 1102 q.

138 1125 187 1183 85.
202 1143 229 1183 a.
246 1123 326 1199 Vt).
370 1124 453 1184 Hine
467 1123 611 1184 rationem
628 1124 728 1195 hobus,
744 1143 797 1182 cur
812 1123 909 1201 prims
925 1121 979 1181 ills
991 1121 1138 1200 principia
1154 1120 1243 1199 (Dip-

139 1225 242 1282 nitutos
255 1243 286 1282 so
296 1223 318 1298 z)
333 1245 391 1283 non
410 1224 497 1284 modo
511 1224 572 1283 sint
585 1245 653 1282 vera
669 1245 726 1302 por
738 1245 775 1294 se,
790 1223 840 1282 sed
855 1223 946 1282 etiam
961 1241 1075 1281 neeesse
1089 1221 1128 1280 sit
1141 1220 1242 1292 rideri,

137 1320 217 1398 quod
233 1321 294 1380 sint
310 1342 366 1399 per
378 1343 408 1380 se
420 1319 585 1381 veru-Of.
601 1321 692 1380 etism
708 1321 750 1390 (1.
766 1340 794 1398 p.
808 1341 836 1398 q.
855 1321 899 1380 17.
915 1339 941 1378 a.
958 1318 1018 1379 ΙΙΙ.
1034 1319 1065 1378 in
1081 1323 1099 1371 19
1114 1318 1197 1378 etad
1215 1320 1241 1377 1.

99 1451 104 1462 ·
131 1426 167 1477 et
182 1417 234 1493 2.).

180 1513 246 1573 331.
290 1513 340 1574 Ad
365 1515 540 1574 divisionem
565 1514 750 1574 Positionum
773 1515 852 1593 quod
867 1515 984 1586 attinet,
1002 1513 1108 1572 Perit-io
1123 1512 1241 1572 aliaest

138 1611 300 1690 propositio
321 1622 351 1671 et
379 1631 440 1671 rem
465 1619 603 1672 essesut
632 1632 688 1672 non
713 1631 773 1672 esse
797 1610 962 1689 significum
984 1619 1013 1669 et
1037 1609 1110 1671 haee
1132 1609 1242 1669 dicitur

137 1709 323 1786 Suppositio:
345 1711 406 1770 alia
420 1721 473 1782 est,
487 1731 564 1789 quse
579 1732 637 1770 non
659 1710 808 1789 signifieat
822 1730 884 1769 rem
901 1731 970 1782 esse,
984 1709 1032 1769 vel
1055 1730 1113 1769 non
1129 1729 1198 1782 osse,
1213 1719 1242 1769 et

140 1807 213 1878 hoec
228 1819 271 1867 est
292 1807 440 1886 Definitio,
456 1828 532 1886 quae
553 1809 671 1886 quidem
691 1809 796 1886 positio
810 1818 861 1880 est,
878 1829 935 1866 nou
952 1817 1049 1866 tamen
1073 1807 1242 1886 propositi0,

140 1905 220 1964 unde
235 1905 312 1964 inter
328 1907 482 1983 principio
503 1905 622 1984 quidem
637 1903 805 1964 immediato
827 1903 1087 1964 demonstrationis
1101 1905 1242 1962 adnume-

139 2013 233 2074 ratur,
249 2023 306 2061 non
331 2014 430 2062 tamen
447 2003 523 2062 inter
546 2004 766 2081 propositiones.
810 2002 901 2076 Quod
923 2011 1022 2060 autem
1048 2001 1190 2060 Definitio
1204 2003 1242 2060 sit

135 2099 242 2173 positio
256 2119 294 2158 ex
308 2119 343 2158 eo
364 2107 488 2168 constat,
503 2099 583 2177 quod
607 2099 635 2158 in
652 2099 757 2176 quovis
778 2098 902 2157 seientia
923 2097 1107 2156 definitiones
1129 2097 1241 2175 proprii

137 2194 262 2271 subjecti
277 2205 430 2272 ponuntur
444 2206 474 2254 et
495 2215 607 2266 eorum,
621 2195 658 2254 de
678 2194 787 2273 quibus
801 2205 941 2264 tractant,
957 2204 1109 2271 tamquam
1134 2197 1240 2270 prinei

138 2293 209 2368 piu:
231 2292 273 2352 sio
298 2293 327 2351 iu
353 2291 526 2354 Geometrin
554 2303 708 2372 ponuntur
732 2293 918 2353 definitiones
943 2295 1046 2362 tineae,
1071 2295 1240 2374 superficiei,

137 2390 257 2464 p¹nnoti;
279 2389 309 2448 in
325 2390 544 2450 Arithemetioa
568 2390 754 2449 definitiones
776 2390 898 2462 nummi,
921 2391 1042 2448 unitatis
1062 2402 1116 2450 eto.
1159 2390 1242 2450 Inter

137 2485 353 2563 suppositiones
367 2488 456 2545 etiam
479 2487 723 2546 adnumerandus
741 2496 811 2546 sunt
830 2489 1004 2562 praernissuo
1018 2486 1242 2546 demonstratio·

139 2583 185 2642 nis
200 2583 374 2660 cujuslibet:
397 2584 508 2661 quippe
522 2584 579 2642 hue
592 2595 802 2661 supponuntur
816 2583 854 2641 ud
870 2583 1023 2642 scientium
1036 2583 1240 2654 conclusionis

138 2681 391 2759 quemadmodum
405 2681 621 2759 suppositiones
636 2680 755 2754 aliquus
766 2697 937 2740 communes
952 2680 981 2738 in
993 2680 1122 2738 scientiis
1135 2699 1242 2757 suppo-

141 2789 255 2838 nuntur
268 2779 306 2838 ud
322 2777 476 2838 scientium
493 2777 655 2837 multarum
671 2777 966 2837 demonstrationum.

180 2874 246 2934 332.
288 2874 505 2952 Suppositionos
520 2875 548 2933 in
576 2873 676 2953 aliquo
699 2874 890 2942 conveniunt,
906 2874 936 2932 in
951 2874 1012 2932 alio
1028 2895 1098 2933 vero
1113 2873 1151 2933 sd
1167 2875 1241 2933 invi-

137 2989 201 3028 oem
217 2970 395 3049 discrepant
443 2971 622 3032 conveniunt
643 2970 672 3030 in
687 2992 730 3044 eo,
746 2971 825 3049 quod
841 2992 907 3030 oum
923 2971 983 3030 sint
1004 2971 1150 3050 principia
1165 2993 1241 3032 eom·

140 3065 229 3145 plexu
250 3065 505 3138 demonstrabilia,
521 3079 620 3127 tamen
643 3067 863 3128 demonstrator
883 3067 993 3146 uocipit
1007 3091 1041 3125 oo
1056 3089 1114 3127 non
1129 3068 1242 3128 demon-

137 3171 241 3234 strans,
256 3163 366 3242 quippe
381 3184 437 3224 uon
454 3176 524 3224 srmt
537 3165 783 3226 demonstrabilia
799 3185 947 3243 persuum
963 3167 1127 3238 seientiam,
1142 3168 1190 3226 sed
1206 3189 1241 3226 es

139 3260 170 3318 in
180 3259 241 3319 ntia
251 3261 376 3320 scientia
386 3261 589 3322 demonstratu
601 3283 661 3322 esse
675 3265 820 3340 uopponit.
864 3263 1067 3337 Quamobrem
1085 3263 1150 3322 ideo
1165 3265 1242 3323 iuter

137 3358 288 3434 principio
312 3358 480 3417 trimodiam
504 3370 726 3438 computantur,
748 3360 820 3438 quia
837 3359 1065 3420 Demonstrntor
1087 3362 1181 3420 utitur
1203 3363 1242 3422 eis

139 3453 244 3534 ubsque
265 3455 368 3526 medio,
391 3456 536 3534 siquidem
562 3457 690 3516 medium
719 3477 776 3516 non
801 3457 914 3516 habeut
939 3457 968 3515 in
991 3457 1045 3516 illu
1069 3459 1241 3518 seientia.-

143 3551 296 3612 Differunt
310 3573 381 3612 vero
405 3554 492 3626 ineo,
508 3554 627 3632 quodsi
650 3554 820 3632 hujusmodi
844 3555 1004 3633 propositio
1025 3555 1064 3614 sit
1084 3555 1242 3631 probabitis

139 3647 302 3708 addiscenti
330 3653 387 3726 (sm
418 3649 474 3722 ilii,
499 3649 546 3709 eui
575 3651 609 3709 tit
636 3651 864 3725 demonstratio)
890 3663 961 3710 tuno
989 3652 1107 3730 proprie
1131 3653 1241 3714 dieitur

138 3744 314 3822 Suppositio,
337 3764 396 3804 non
420 3747 540 3824 quidem
563 3747 748 3825 simpliciter,
769 3746 818 3806 sed
844 3747 883 3805 od
906 3747 1048 3826 aliqrrem:
1069 3749 1114 3808 sin
1140 3761 1239 3809 uutem

139 3839 294 3900 addiscens
316 3861 373 3900 uon
387 3844 427 3902 sit
440 3843 574 3920 ejusdem,
591 3863 643 3902 neo
657 3844 746 3903 etism
762 3847 924 3902 contrarios
945 3844 1100 3922 opinionis,
1116 3856 1241 3925 oportet,

138 3939 218 4017 quod
247 3938 476 4000 Demonstrutor
504 3939 587 4000 iilam
618 3941 848 4018 propositionem
877 3940 917 4000 sb
945 3941 998 4001 iilo
1027 3953 1125 4019 petam
1147 3957 1177 4002 et
1198 3945 1240 4004 sio

138 4035 352 4096 denominatur
365 4035 471 4096 Potitio
479 4059 489 4106 ;
510 4039 533 4096 si
549 4037 668 4096 demum
684 4038 723 4097 sit
736 4040 899 4098 contrarios
913 4039 1069 4116 opinionis,
1084 4050 1155 4100 tuno
1169 4041 1240 4101 dioi-

139 4145 189 4190 tur
219 4131 362 4208 Quaestio,
376 4132 413 4192 de
441 4153 501 4211 quu
525 4143 642 4212 oportet
666 4133 819 4212 disputare
847 4135 993 4196 intereos.
1036 4135 1125 4197 “Hoo
1139 4149 1238 4199 tumen

137 4227 277 4286 omnibus
299 4248 446 4288 oomnrune
467 4238 519 4301 est,
534 4229 578 4290 ait
591 4228 620 4288 S.
636 4228 691 4289 Th.
714 4231 794 4309 quod
821 4251 998 4310 unoquoque
1019 4253 1120 4292 eorum
1146 4235 1241 4296 utitur

137 4323 375 4399 Demonstrstor,
389 4348 449 4410 non
471 4326 676 4399 demonstrans,
691 4348 758 4388 cum
776 4327 905 4404 (tamen)
920 4330 960 4389 sit
980 4331 1238 4394 demonstrabils”

138 4421 221 4496 -(1.
236 4419 316 4482 Post
332 4421 384 4482 leo.
402 4422 463 4499 19.)

183 4674 194 4726 i
