3358 4952
484 487 530 548 Do
549 487 683 548 Secunde
705 489 811 548 Montes
838 489 1018 568 Operatione.
1243 489 1297 547 117

238 679 304 740 146.
347 679 434 740 Prior
455 681 622 742 assertionis
638 703 706 760 pars
719 703 757 742 ex
771 703 862 761 supro
877 683 964 742 dietis
978 681 1201 742 constet-Est
1214 681 1291 740 euim

195 778 366 837 enurreietio
394 779 542 856 expressio
567 782 687 839 exterior
703 780 819 858 judieii.
861 780 932 841 Jum
960 801 1029 840 vero
1053 780 1208 841 Judieium
1237 791 1298 843 est:

194 877 307 944 “oe-tus,
322 895 381 952 quo
402 895 485 934 meus
500 874 575 934 duae
589 877 716 936 notiones
730 876 768 936 ud
791 877 917 936 invicem
940 889 1129 955 comparatos
1150 887 1203 935 out
1224 876 1299 954 offir-

192 974 319 1030 motione
334 971 497 1052 conjungit,
512 984 565 1032 aut
579 976 730 1051 retentione
744 987 861 1052 separat
879 977 921 1052 (u.
939 975 1020 1049 131.)
1064 974 1146 1052 Ergo
1160 973 1297 1033 emmeiu·

194 1069 237 1128 tio
252 1081 295 1128 est
320 1071 442 1128 exterior
465 1070 623 1148 exprmsio,
638 1091 697 1150 qun
724 1091 799 1130 unus
826 1072 968 1130 terruinus
992 1072 1030 1131 de
1053 1071 1148 1130 uitem
1165 1068 1300 1146 (termini

194 1165 274 1224 enim
298 1168 421 1224 auterno
445 1166 578 1226 notiones
603 1167 791 1246 exprimunt)
817 1169 985 1227 affirnmtur
1012 1167 1057 1227 vei
1084 1179 1227 1245 uegetum
1249 1185 1298 1224 sen

194 1261 263 1320 eliis
279 1261 376 1322 verbis
397 1273 441 1322 est
451 1262 476 1323 :”
499 1264 677 1342 oratioque
692 1264 806 1342 aliquid
822 1265 859 1324 de
874 1265 975 1343 aliquo
998 1265 1167 1324 affirmatur
1183 1265 1227 1323 vel
1253 1283 1299 1322 ne·

195 1359 314 1436 gotur.''
357 1359 443 1419 Huee
467 1357 567 1420 eutem
593 1361 772 1433 euunoiutio‚
798 1363 944 1440 q'uutenns
968 1363 1005 1422 ud
1032 1362 1144 1441 aliquid
1172 1383 1208 1421 ex
1235 1362 1298 1440 ipsu

196 1455 383 1515 inferendum
394 1459 579 1534 proponitur,
592 1459 711 1536 proprio
726 1461 845 1518 uomiue
856 1459 967 1518 dieitur
981 1459 1142 1536 Iioporitr'o
1153 1481 1162 1518 :
1175 1468 1298 1536 utroque

197 1551 337 1629 ‹ieiueeps
352 1552 499 1612 voeabulo
514 1553 715 1613 indifferenter
730 1565 849 1614 utemur
864 1557 906 1632 (u.
924 1555 1004 1630 130.)

236 1649 451 1728 Propositionis
466 1651 585 1711 termini
597 1651 739 1712 dicuntur
753 1651 959 1712 Praediooinm
970 1662 999 1711 et
1012 1651 1182 1730 Subjeotum.
1211 1650 1300 1710 Proe-

194 1748 322 1807 diootnm
347 1759 390 1808 eu
403 1747 445 1820 t'ri,
460 1747 587 1828 quodue
608 1750 696 1808 altero
719 1752 911 1819 mummolum
932 1749 1095 1828 Subjeoirtm
1109 1769 1179 1808 vero
1201 1757 1244 1808 est
1260 1747 1299 1820 td,

195 1844 231 1902 de
246 1851 299 1923 ouo
319 1845 522 1922 praedicatum
536 1849 718 1905 euinmr'otur.
762 1847 933 1905 Affirmutio
949 1859 1047 1906 etitem
1073 1845 1237 1906 identitatis
1252 1844 1297 1902 vel

194 1941 376 2001 diversitatis
391 1942 541 2018 objectione
556 1942 709 2020 utriusque
725 1942 907 2020 (Praedieuti
923 1965 969 2002 se:
992 1953 1021 2003 et
1035 1942 1181 2022 Subjeeti)
1197 1942 1299 2019 oopulu

195 2039 373 2110 continetur,
399 2059 476 2117 quae
505 2059 556 2117 per
581 2059 681 2098 vooem
708 2047 747 2099 eet
770 2040 957 2118 exprimitur.
1001 2039 1047 2098 En
1079 2039 1299 2117 exemplum.-

196 2135 318 2194 “Homo
346 2145 389 2194 est
414 2135 564 2195 enimel:''
595 2135 641 2196 vel
667 2137 803 2196 “Anime
827 2137 960 2196 humanu
985 2149 1028 2197 est
1056 2134 1300 2196 immortalis.’'-

196 2232 293 2292 Homo
307 2243 350 2292 est
364 2233 518 2310 etrbjeeium
541 2233 655 2318 prioris,
670 2234 771 2292 animo
785 2233 915 2292 tomeun
929 2244 973 2292 est
986 2233 1140 2310 otrbjeotum
1163 2231 1299 2310 posterio-

196 2330 252 2388 ris:
275 2330 388 2388 arrimol
408 2339 451 2389 est
467 2329 496 2388 iu
521 2329 612 2408 priori
630 2329 844 2407 praedicatum,
859 2331 1028 2388 irnnrortolr's
1041 2339 1085 2389 est
1100 2328 1129 2387 iu
1145 2327 1298 2407 posteriori

190 2425 414 2504 praedicturum:
436 2424 586 2504 purtieule
600 2432 638 2485 est
652 2425 796 2505 exprimit
810 2427 839 2484 iu
857 2436 983 2504 utruque
998 2426 1211 2485 connexionem
1234 2422 1299 2482 sub-

191 2523 265 2600 jeeti
280 2533 310 2582 et
326 2522 500 2601 praedicati,
515 2542 565 2582 seu
581 2523 720 2600 oopniom

238 2621 303 2680 147.
347 2618 530 2679 Deelemtur
561 2619 692 2678 seeundo
714 2618 888 2691 ¹assertionis
918 2618 1248 2698 pers-Preedieutum
1271 2630 1299 2676 et

194 2715 361 2794 siibjeetum
375 2725 446 2775 suut
459 2715 586 2774 Materia
607 2715 830 2794 propositionis:
853 2736 932 2786 uum,
947 2719 973 2774 oi
988 2717 1103 2774 seorsim
1117 2714 1299 2774 eousidereu·
1354 2781 1360 2795 ,

196 2828 255 2883 tur,
270 2812 498 2890 propositionem
522 2817 588 2870 autu
608 2831 667 2870 uon
690 2812 883 2882 constituunt,
899 2812 1016 2870 temetsi
1038 2811 1217 2870 constituere
1237 2829 1299 2888 pos-

194 2907 263 2979 sint,
278 2908 388 2986 quippe
415 2929 448 2966 en
472 2906 517 2966 to
541 2907 680 2985 componi
706 2907 794 2967 debet
819 2909 996 2986 propositio:
1020 2906 1102 2967 illem
1128 2926 1199 2966 vero
1227 2917 1298 2966 tuuc

195 3013 313 3064 tantum
330 3003 508 3064 constituere
524 3003 743 3083 intelliguntur,
752 3023 820 3063 cum
837 3004 865 3062 vi
882 3002 1006 3087 copulae
1021 3003 1059 3062 ed
1075 3003 1203 3062 invicem
1218 3000 1299 3062 eolli-

195 3109 325 3178 gautur:
358 3099 551 3178 quemobrem
573 3100 642 3178 jure
666 3100 829 3177 meritoque
843 3099 952 3177 eopule
974 3108 1167 3182 nuncupetur
1189 3099 1298 3159 Fomno

195 3197 413 3274 propositionis,
427 3205 457 3256 et
477 3195 597 3274 quidem
619 3197 793 3268 montinum
815 3197 881 3274 ipsa
894 3197 972 3255 euim
988 3209 1103 3276 estque
1126 3197 1299 3276 propositio·

194 3293 240 3352 nis
255 3295 373 3354 eoserrtirt
388 3293 587 3353 constituitur.
628 3293 692 3370 (uu.
709 3294 754 3352 20.
771 3294 833 3370 44.)

236 3391 409 3468 Antequam
434 3391 557 3450 ulterius
580 3391 747 3468 prot-edum,
764 3391 878 3469 juverit
892 3411 929 3449 ex
951 3391 1039 3449 dietis
1053 3391 1202 3469 quaedem
1218 3389 1297 3450 rolli·

195 3510 264 3567 gere
279 3489 447 3561 corollario,
463 3509 540 3568 quue
554 3489 679 3548 iunximi
702 3499 772 3549 sunt
794 3489 946 3560 momenti,
961 3498 1042 3548 etex
1057 3509 1148 3567 supra
1162 3489 1297 3549 enodetis

195 3585 285 3645 facile
302 3585 518 3664 intelliguntur.

242 3684 307 3742 148.
349 3681 667 3779 Primum-Tametsi
683 3682 844 3760 propositio
855 3682 978 3762 quaeris
990 3681 1061 3740 dnos
1072 3681 1182 3741 habere
1190 3680 1299 3740 debeat

192 3781 332 3840 teruntios
345 3793 375 3840 et
389 3783 528 3858 copulam,
543 3801 601 3840 nou
618 3781 684 3841 ideo
699 3792 797 3841 tornen
814 3801 963 3840 net-essum
978 3792 1033 3853 est,
1048 3793 1081 3840 ut
1096 3781 1168 3840 haee
1182 3801 1298 3860 semper

193 3878 325 3954 erplioite
347 3879 573 3955 exprimentum
597 3887 718 3956 possunt
740 3877 819 3936 euim
842 3876 1021 3956 quaudoque
1043 3877 1137 3937 lutere
1151 3879 1296 3955 implicite,

193 3976 273 4054 quod
301 3989 371 4036 tuno
387 3975 433 4036 vel
461 3977 592 4034 rnnxime
616 3975 777 4053 continget,
792 3995 859 4034 oum
886 3973 1023 4034 Verbum
1048 3985 1091 4034 est
1116 3975 1295 4053 adjectitium.

194 4072 314 4132 Exinde
329 4071 476 4151 intelliges
490 4072 562 4150 quid
578 4073 697 4131 nomine
713 4071 920 4150 propositionis
935 4071 1073 4143 detentio,
1089 4071 1136 4132 vel
1152 4071 1188 4130 de
1200 4093 1296 4132 seeun-

191 4170 238 4242 do,
255 4169 302 4230 vel
317 4169 353 4228 de
376 4170 471 4246 primo
486 4169 635 4247 adjacente
649 4169 758 4230 veniat.
803 4168 848 4227 De
862 4171 942 4228 tertio
957 4169 1107 4247 adjacente
1131 4170 1292 4247 propositio

191 4266 245 4326 illu
260 4266 380 4337 dieitur,
395 4267 424 4325 in
440 4287 500 4345 que
515 4265 573 4325 trie
587 4266 661 4326 haee
675 4265 879 4344 praedicatum
894 4286 941 4326 se:
963 4265 1129 4346 subjeetum
1144 4277 1174 4326 et
1188 4267 1297 4346 oopule

190 4363 338 4442 adjacent,
353 4374 387 4422 ut
400 4363 430 4422 iu
446 4362 590 4440 superiori
605 4362 743 4440 exemplo
755 4361 855 4422 videre
869 4373 919 4422 est.
963 4361 1010 4420 De
1023 4361 1147 4422 oeourtdo
1161 4363 1296 4442 odjooen-
