3118 4956
830 407 949 484 totta.

335 623 370 662 ac
385 603 508 680 proinde
522 605 626 662 ceritas
639 603 798 680 cotolcpt'ca
819 602 1015 663 conclusionis
1029 612 1073 678 est
1093 623 1181 661 causa
1194 601 1323 660 ommim
1336 601 1435 660 onata

335 722 414 776 φατε
436 720 673 778 praemissarum.

376 797 590 874 Quamobrem,
606 807 639 858 ut
654 797 764 876 paucis,
779 817 855 876 quae
870 797 929 857 huc
943 817 1035 876 usque
1049 797 1189 868 diximus,
1204 795 1391 874 colligamus,
1406 797 1432 854 in

338 893 598 954 Demonstratione
622 917 641 954 o
658 897 758 974 priori
779 895 946 974 subjeetum
968 895 1165 955 conclusionis
1188 894 1280 954 habet
1303 895 1344 966 id,
1358 893 1434 973 quod

334 990 519 1068 significatur·
533 1011 586 1070 per
600 991 803 1071 praedicatum
816 1014 823 1064 ;
844 993 916 1071 quia
936 991 1019 1052 habet
1032 993 1074 1064 id,
1089 992 1169 1071 quod
1183 992 1366 1071 exprimitur
1382 1013 1435 1070 per

335 1087 461 1146 inedium
488 1091 659 1160 toronicam
681 1089 710 1148 in
740 1089 1002 1148 Demonstratioue
1029 1111 1048 1147 a
1073 1090 1225 1177 poeterwm
1252 1111 1269 1148 e
1297 1109 1436 1148 (mutereo
1531 1085 1532 1088 ’

321 1185 498 1288 subjectum
525 1186 721 1246 conclusionis
746 1185 837 1247 habet
862 1187 901 1256 id,
916 1186 995 1266 quod
1020 1184 1201 1265 exprimitur
1226 1206 1279 1264 per
1306 1184 1434 1244 medium
1531 1205 1532 1226 ³

321 1248 514 1351 terminum;
535 1282 607 1361 quia
621 1281 705 1342 habet
718 1282 751 1341 id
753 1283 853 1362 ,quod
876 1282 1056 1362 exprimitur
1073 1303 1129 1360 per
1144 1281 1358 1360 praedicatam.
1400 1279 1433 1338 Iu

336 1378 388 1438 illa
402 1378 514 1438 medius
528 1381 667 1439 terminus
680 1389 724 1440 est
743 1382 818 1440 ratio
833 1381 991 1459 octalopica
1009 1380 1204 1458 praedicati,
1197 1400 1227 1438 m
1243 1379 1301 1440 ista
1320 1378 1435 1457 praedi·
1531 1375 1532 1432 l

335 1483 487 1552 mturaest
499 1479 573 1536 ratio
588 1477 746 1556 catompioa
760 1477 850 1537 medii
863 1479 988 1538 termini.
1030 1477 1076 1538 Cf.
1091 1476 1120 1537 S.
1132 1476 1188 1536 Th.
1202 1480 1228 1535 1.
1245 1475 1324 1536 Post.
1341 1473 1393 1534 lec.
1409 1479 1434 1533 4.
1531 1475 1532 1526 l

375 1573 441 1632 309.
484 1572 666 1634 Declaratur
687 1574 776 1634 tertia
797 1573 1139 1652 para-Demonstratio
1155 1581 1277 1652 prepter
1290 1572 1363 1652 quid
1383 1571 1434 1630 illa

335 1669 453 1742 dicitur,
464 1675 559 1750 “quae
572 1691 631 1730 non
643 1670 732 1730 modo
742 1670 913 1731 manifestat
921 1672 1125 1750 praedicatum
1136 1672 1228 1730 inesse
1236 1669 1434 1748 subjectaret
1531 1717 1532 1752 ,

335 1767 423 1825 etiam
439 1766 611 1828 manifestat
625 1788 740 1828 curcum
753 1789 804 1828 seu
820 1771 961 1828 rationem
976 1768 1139 1847 etquidem
1157 1769 1321 1846 propriam,
1341 1769 1436 1844 prori-

336 1883 409 1920 roam
425 1873 454 1922 et
468 1863 668 1943 adaequatum,
682 1885 736 1924 cur
751 1864 955 1942 praedicatum
966 1865 1036 1924 insit
1049 1863 1181 1942 subjecto
1191 1863 1218 1923 :’'
1233 1873 1266 1922 ut
1281 1885 1309 1922 v.
1324 1885 1353 1940 g.
1368 1883 1433 1922 cum
1531 1905 1532 1920 ,

335 1982 371 2020 ox
386 1961 599 2040 spiritualitate
620 1963 739 2022 animae
759 1963 852 2040 ipsius
873 1961 1188 2040 incorruptibilitatem
1204 1959 1335 2019 ostendo.
1379 1957 1434 2016 De

337 2058 511 2118 monstratio
534 2079 605 2118 vero
627 2061 696 2138 qaia
720 2058 774 2118 illa
795 2058 915 2130 dicitur,
930 2059 978 2117 “in
1002 2078 1071 2136 qua,
1088 2057 1204 2117 tametsi
1229 2056 1432 2134 praedicatum

338 2157 428 2216 inesse
442 2156 574 2235 subjecto
588 2157 770 2230 ostendatur,
780 2168 878 2218 tamen
895 2157 942 2217 vel
958 2177 1016 2216 non
1032 2157 1202 2234 assignatur
1217 2154 1303 2226 ratio,
1313 2156 1360 2214 vel
1376 2175 1432 2214 non
1531 2149 1532 2204 l

339 2253 475 2330 proxima
496 2263 525 2313 et
553 2253 753 2314 immediata.”
797 2253 980 2332 Hujusmodi
1008 2264 1052 2313 est
1072 2252 1295 2324 demonstratio
1317 2271 1433 2330 quaer

335 2362 538 2410 ereaturarum
550 2351 708 2411 existentia
719 2351 813 2410 infero
824 2350 1012 2410 existentiam
1025 2349 1114 2409 Eritis
1128 2349 1158 2408 N
1160 2348 1304 2419 eccssarii,
1317 2349 1365 2410 vel
1376 2369 1434 2428 qua

335 2466 372 2506 ex
388 2448 559 2507 necessitate
580 2447 666 2506 Entie
679 2469 698 2506 a
711 2467 739 2507 se
753 2447 845 2526 ipsius
867 2448 1072 2508 aeternitatem
1096 2446 1209 2516 inieram
1230 2446 1283 2506 etsi
1307 2467 1435 2524 uanique

337 2543 490 2603 necessitas
504 2543 543 2602 sit
551 2543 628 2603 ratio
639 2544 831 2616 aeternitatis,
844 2554 1011 2604 nontamen
1024 2546 1209 2622 estproximo
1219 2555 1248 2602 et
1258 2543 1434 2614 immediato,

335 2641 587 2719 quemadmodum
609 2651 652 2702 est
674 2642 937 2702 immutabilitatis.
981 2641 1032 2702 Ad
1055 2642 1338 2702 demonstrationem
1364 2643 1432 2720 para

338 2735 493 2798 revocatur
506 2739 596 2798 etiarn
613 2738 675 2811 illa,
690 2759 750 2818 qua
760 2759 798 2798 ex
811 2739 896 2817 signo
908 2759 953 2798 res
966 2738 1139 2818 significata
1153 2739 1297 2809 infertur;
1312 2737 1360 2798 vel
1375 2759 1433 2816 qua
1531 2777 1532 2794 r

336 2836 374 2894 ab
389 2835 521 2895 inferiori
536 2834 706 2914 proceditur
720 2835 759 2896 ad
773 2837 916 2915 superius.
959 2836 1004 2896 Of.
1019 2835 1157 2896 Toletum
1171 2836 1212 2912 (1.
1228 2835 1308 2896 Post.
1323 2835 1354 2894 iu
1370 2855 1434 2913 cap.
1531 2821 1532 2840 ¹

338 2933 364 2992 6.
377 2953 426 3012 qu.
444 2935 484 3011 l.)

338 3127 495 3206 intelligas,
510 3128 756 3189 considerandum
779 3138 832 3200 eat,
853 3129 897 3188 ait
917 3127 946 3188 S.
970 3127 1100 3187 Thomas
1120 3125 1220 3204 quod:
1249 3124 1305 3183 “de
1319 3143 1351 3182 re
1365 3143 1434 3202 qua-

336 3235 403 3285 tuor
423 3226 497 3284 scire
518 3245 681 3304 pmumus,
695 3247 744 3285 sc:
767 3225 838 3305 quid
858 3232 906 3296 ent,
921 3245 961 3283 nn
975 3231 1022 3296 est,
1037 3226 1107 3303 quie
1121 3229 1168 3294 eet,
1182 3232 1212 3281 et
1227 3229 1350 3299 propter
1364 3220 1433 3300 pald

230 3393 233 3400 Δ
336 3333 381 3385 ert.
424 3324 567 3403 Adquae
589 3324 784 3402 intelligenda
805 3323 958 3384 sciendum
973 3333 1025 3395 est,
1040 3321 1119 3401 quod
1134 3341 1201 3381 cum
1227 3320 1352 3380 scientia
1377 3339 1433 3378 nou

335 3423 442 3482 sitnisi
465 3441 603 3494 emmam,
619 3441 720 3480 verum
747 3430 848 3481 autem
862 3431 892 3480 et
905 3436 977 3481 'esse
1000 3429 1225 3489 convertuntur,
1239 3419 1276 3478 de
1300 3437 1358 3476 esea
1379 3417 1434 3476 erit

335 3541 405 3599 ergo
418 3519 549 3580 scientia.
565 3565 571 3579 .
588 3567 594 3578 .
610 3566 616 3578 .
632 3519 755 3598 Duplex
778 3531 878 3580 autem
893 3539 950 3580 ease
964 3518 1115 3578 invenitur
1136 3518 1166 3576 iu
1182 3515 1289 3587 rebus;
1309 3535 1358 3576 se:
1380 3535 1438 3574 ease
1531 3527 1532 3562 l

336 3617 479 3694 essentiae,
493 3625 523 3675 et
537 3635 593 3674 eece
606 3615 728 3674 manlia
748 3617 920 3675 existentiae.
963 3613 1005 3674 Et
1018 3613 1089 3692 quia
1104 3633 1160 3672 coac
1174 3613 1311 3672 mentina
1324 3610 1435 3671 dieitur
1531 3619 1532 3662 l

342 3711 506 3788 Qaidditos,
520 3731 569 3770 seu
585 3709 657 3790 quid
671 3717 710 3770 eet
722 3732 785 3780 rec;
806 3711 873 3771 ideo
887 3731 955 3770 curu
970 3710 1078 3770 scimus
1092 3729 1148 3768 eoae
1163 3707 1299 3780 mendice
1308 3705 1434 3786 alicujus
1531 3715 1532 3718 ’

338 3809 387 3880 rei,
401 3808 531 3868 dicimur
544 3808 619 3868 scire
633 3808 704 3888 qnid
718 3816 757 3868 eet
770 3808 808 3868 de
821 3809 1006 3887 ipsa—Ecce
1020 3817 1119 3867 aretem
1135 3806 1257 3866 adadu
1270 3806 1434 3865 &iserniae

336 3904 467 3965 aliterse
488 3903 580 3964 habet
593 3904 624 3962 in
646 3903 823 3976 substantia,
837 3913 867 3964 et
888 3903 977 3964 aliter
990 3904 1020 3962 in
1045 3903 1206 3962 accidente
1249 3902 1332 3977 Quis
1357 3902 1433 3960 enirn
1531 3941 1532 3972 ,

336 4001 497 4064 accidentis
525 4021 581 4061 ease
605 4012 649 4062 est
671 4003 771 4072 laesae,
799 4001 874 4061 scire
897 4007 998 4061 autem
1027 4021 1083 4060 esee
1110 3998 1232 4058 manlia
1259 3998 1432 4059 existentiae
1531 4031 1532 4064 2

377 3029 421 3092 Ut
445 3041 543 3090 auteur
569 3031 676 3091 harum
699 3030 975 3091 denominationum
994 3037 1115 3108 prepter
1137 3029 1251 3110 quidet
1273 3031 1344 3108 qaia
1360 3039 1435 3088 recte
1531 3001 1532 3080 i

335 4099 466 4179 Subjecti
482 4110 526 4158 est
538 4097 635 4158 solum
649 4097 724 4158 scire
737 4099 821 4177 quod
835 4105 902 4158 octa
914 4099 959 4170 eit,
978 4107 1008 4157 et
1022 4096 1078 4157 hoc
1092 4106 1135 4156 est
1156 4095 1231 4155 scire
1253 4094 1291 4154 de
1316 4095 1379 4173 ipsu
1393 4115 1430 4152 cn
1531 4109 1532 4176 j

336 4203 392 4266 αὴ·
413 4194 463 4255 sed
488 4195 563 4254 scire
584 4195 621 4254 de
645 4195 798 4255 accidente
820 4215 880 4255 esse
902 4193 1029 4255 actualis
1053 4194 1237 4264 existentiae,
1252 4203 1297 4252 est
1309 4193 1384 4252 scire
1398 4193 1434 4250 de

337 4293 399 4371 ipso
413 4294 483 4371 pura
497 4297 543 4352 eat.
586 4289 677 4352 Unde
689 4291 765 4351 scire
785 4292 855 4371 qaia
869 4299 916 4364 eat,
931 4290 1006 4350 nihil
1021 4289 1104 4350 aliud
1119 4302 1171 4361 est,
1186 4309 1278 4368 quam
1292 4289 1367 4348 scire
1381 4287 1434 4346 hor.
