3138 4956
820 425 939 504 aaa.

323 621 438 703 (signa)
454 621 566 682 facis?'’
608 621 746 683 Christus
767 621 934 700 respondit:
962 619 1145 698 interrogabo
1159 639 1205 678 voe
1219 626 1245 680 et
1265 640 1317 696 epo
1333 640 1422 678 unam

321 741 536 781 ternionem...
552 719 720 797 Baptismus
730 719 857 780 Joanaia
867 725 929 777 erat
943 717 979 778 de
988 717 1070 787 coelo,
1082 737 1122 777 aa
1136 737 1170 777 ec·
1179 716 1407 776 hominibusi..
1420 763 1424 773 .

322 817 387 876 “At
407 815 462 888 illi,
475 815 629 894 subjungit
652 814 857 894 Evangelista,
873 813 1047 892 cogitabant
1069 813 1147 873 inter
1170 833 1200 872 se
1224 813 1376 872 dicentes:
1396 813 1422 870 ai

322 913 504 974 dixerimus:
526 913 558 972 E
575 913 667 972 coelo:
688 912 767 972 dicet
787 911 888 972 nobis:
910 931 1003 990 quare
1017 931 1088 990 ergo
1102 931 1161 971 non
1178 909 1346 970 credidistis
1360 908 1427 968 ittir

322 1011 354 1073 Si
383 1023 484 1072 autem
511 1011 694 1070 dixerimus:
716 1009 764 1068 Er
790 1009 970 1081 homicidum
992 1009 1131 1068 timemus
1158 1007 1297 1078 turbem;
1319 1027 1425 1067 omnes

323 1111 402 1170 enim
417 1108 570 1168 habebant
591 1105 741 1168 «ioannem
765 1116 799 1166 ut
821 1105 1012 1184 Prophetaui.
1056 1105 1098 1166 Et
1120 1105 1331 1185 respondentes
1352 1103 1425 1166 Jesu

322 1207 482 1278 dixerunt;
504 1203 658 1265 nescimus.
701 1205 757 1264 Ait
771 1203 831 1264 iliis
844 1215 874 1264 et
888 1203 972 1282 Ipse:
995 1225 1049 1264 nec
1062 1224 1117 1283 ego
1131 1203 1198 1263 dico
1215 1203 1309 1273 vobis,
1321 1203 1351 1260 in
1367 1221 1426 1280 qua

321 1313 467 1384 potestate
481 1303 555 1362 haec
571 1301 675 1362 facio.”
719 1301 807 1361 Matt.
822 1321 846 1361 c.
861 1301 955 1360 XXI.
972 1321 1004 1360 w.
1021 1301 1068 1360 25.
1085 1300 1131 1360 26.
1148 1301 1195 1362 27.

361 1399 606 1479 h)-Arguimus
621 1397 743 1458 demum
765 1397 806 1457 cd
825 1399 1032 1476 ignorantiam,
1048 1397 1095 1458 vel
1116 1395 1267 1468 invidiam,
1282 1395 1331 1456 vel
1345 1415 1423 1455 vere-

321 1497 468 1568 cundiam,
482 1495 603 1574 quando
617 1493 665 1555 vei
687 1478 891 1556 adversarium
914 1494 1083 1554 lacessimus
1097 1494 1135 1554 ad
1158 1507 1260 1554 nostra
1280 1493 1423 1554 solvenda

321 1602 507 1672 argumenta,
521 1601 551 1652 et
565 1591 603 1652 ad
619 1591 743 1652 meliora
763 1591 956 1670 proferenda3
979 1592 1026 1652 vel
1041 1613 1079 1651 ex
1094 1590 1238 1652 doctrinis
1260 1593 1425 1652 adversarii

321 1689 495 1750 deducendo
509 1689 701 1761 consectaria,
716 1709 792 1767 quae
814 1689 911 1768 ipsum
926 1689 997 1748 risui
1014 1689 1060 1750 vel
1084 1688 1153 1750 odio
1174 1697 1351 1767 exponunt:
1375 1691 1419 1748 vei

320 1785 441 1865 quando
452 1785 656 1846 adversarium
674 1795 758 1844 tanto
768 1785 955 1844 auctoritatis
967 1784 1097 1864 pondere
1107 1785 1275 1864 opprimere
1285 1784 1423 1864 aggredi·

322 1903 398 1955 mur,
426 1882 470 1942 ita
498 1891 614 1942 nostrae
637 1882 802 1942 sententiae
823 1880 995 1941 firmitatem
1020 1881 1201 1956 extollendo,
1230 1893 1265 1942 ut
1288 1883 1340 1960 qui
1368 1883 1422 1960 ipsi

323 1979 510 2051 contradicit,
521 1987 675 2056 tamquam
690 1977 800 2038 stultus
814 1977 862 2038 vei
878 1979 995 2056 ineptus
1009 1977 1164 2038 habeatur.
1207 1977 1260 2037 Ab
1274 1979 1322 2037 his
1335 1999 1421 2056 argu·

319 2077 434 2148 mentis,
449 2085 596 2154 quantum
610 2075 674 2135 fieri
697 2075 814 2153 poterit,
828 2074 1038 2135 abstinendum
1053 2075 1118 2150 erit,
1130 2095 1225 2154 neque
1245 2076 1292 2136 his
1307 2077 1421 2154 indiget

320 2174 436 2250 caprena
449 2171 576 2230 vertatis
589 2171 794 2250 inquisitor.-

361 2269 427 2330 374.
452 2267 639 2346 Disputatio
660 2268 787 2328 duorum
802 2287 840 2327 ex
856 2287 917 2327 una
938 2279 1022 2346 parte
1036 2269 1179 2340 canam,
1193 2269 1419 2346 apologeticae:

321 2365 425 2438 altera,
450 2364 618 2424 cmwertntio
638 2363 801 2442 scientifica,
815 2383 864 2423 seu
890 2364 1014 2423 circulor
1037 2363 1132 2435 audit,
1153 2372 1184 2424 et
1201 2366 1323 2442 proprie
1345 2363 1422 2422 dicta

323 2461 487 2541 disputatio
508 2470 559 2521 est.
602 2459 708 2538 anue
723 2459 834 2538 triplici
855 2461 952 2519 forma
974 2461 1076 2539 peragi
1100 2469 1204 2539 potest,
1218 2463 1421 2520 communiae:

318 2559 472 2630 coerceo,
486 2557 666 2618 scateam.
709 2556 852 2617 Habetur
860 2559 971 2634 prima,
986 2557 1108 2636 quando
1121 2559 1275 2637 sequimur
1288 2557 1417 2617 liberum

318 2655 480 2715 disserendi
494 2654 625 2726 modum,
637 2663 727 2732 prout
738 2653 768 2712 iu
780 2654 933 2714 ordinaria
948 2655 1089 2733 loquendi
1102 2656 1216 2716 ratione
1229 2655 1292 2714 fieri
1305 2655 1418 2715 assolet
1540 2655 1541 2723 i

319 2749 462 2811 Habetur
474 2749 609 2822 secunda,
624 2750 745 2828 quando
758 2751 825 2829 quis
846 2751 1131 2830 interrogationibus
1144 2765 1214 2830 apte
1228 2752 1378 2832 dispositis
1392 2767 1421 2812 et

317 2847 375 2908 sibi
388 2847 493 2907 ordine
505 2846 731 2908 suceedentibus
752 2848 857 2908 sensim
873 2848 937 2908 sine
950 2867 1034 2908 sensu
1058 2848 1264 2910 adversarium
1286 2847 1419 2910 adducit.

320 2946 367 3006 vel
392 2945 431 3005 ad
454 2945 620 3017 veritatem,
645 2965 736 3024 quam
759 2946 927 3024 impugnat,
942 2945 990 3006 vei
1013 2945 1052 3006 ad
1076 2945 1238 3009 falsitatem
1262 2945 1314 3017 rei,
1328 2965 1416 3024 quam

319 3052 499 3122 propugnat,
516 3043 743 3122 agnoscendam.
786 3043 928 3104 Habetur
941 3045 1035 3115 tertio,
1049 3043 1171 3122 quando
1185 3052 1215 3104 et
1228 3043 1278 3122 qui
1302 3043 1417 3121 impug·

319 3148 372 3198 nat
385 3138 491 3198 thesim
507 3147 537 3197 et
550 3137 601 3218 qui
616 3138 701 3198 iiiam
716 3138 850 3199 defendit
862 3148 1007 3218 perpetua
1021 3150 1051 3200 et
1063 3159 1167 3201 severa
1180 3139 1354 3218 Syllopismi,
1370 3138 1415 3199 vei

317 3233 439 3313 quando
452 3254 526 3312 opus
540 3243 592 3306 est,
607 3235 819 3313 enthymematis
833 3235 930 3295 forma
950 3247 1208 3314 argumentantur.
1249 3234 1338 3296 Haec
1353 3235 1421 3295 ulti·

318 3349 368 3389 ma
382 3330 480 3390 forma
493 3329 610 3390 duabus
625 3331 870 3409 praecedentibus
895 3342 1046 3410 praestat:
1068 3342 1132 3392 tum
1155 3333 1227 3412 quia
1249 3333 1370 3392 facilior
1390 3345 1419 3391 ct

317 3426 539 3488 accomodatior
560 3437 604 3488 est
625 3429 664 3487 ad
680 3427 897 3507 Disputationia
909 3429 1002 3509 finem
1021 3428 1234 3490 obtinendum:
1256 3441 1321 3490 tum
1344 3431 1415 3509 quia

317 3525 513 3602 opportunior
526 3534 570 3584 est
583 3524 622 3584 ad
638 3525 821 3604 colligendos
837 3525 1194 3606 Disputationtajractae:
1217 3537 1279 3587 tum
1294 3527 1413 3587 demum

317 3620 390 3700 quia
416 3621 516 3700 aptior
539 3630 584 3682 est
610 3621 650 3682 ad
674 3621 876 3699 praecavenda
897 3625 977 3695 viiic,
1000 3623 1129 3702 quaein
1152 3624 1220 3684 aliis
1243 3623 1415 3702 disputandi

317 3716 420 3776 formis
441 3715 569 3794 irrepere
582 3717 686 3777 soient.
729 3718 933 3794 Quamobrem
958 3729 1128 3779 constanter
1149 3719 1287 3779 adhibita
1309 3719 1367 3779 fuit
1388 3720 1417 3777 in

316 3811 425 3873 Scholia
434 3823 464 3873 et
478 3813 638 3873 hodiedum
649 3813 748 3874 adhuc
761 3825 923 3892 usurpatur
933 3826 963 3875 ct
972 3816 1108 3894 usurpari
1124 3816 1220 3876 debet
1262 3815 1308 3877 Ut
1316 3831 1415 3876 autem

317 3909 374 3970 rite
395 3908 583 3982 adhibeatur,
598 3909 745 3988 quaedam
769 3910 808 3971 ab
830 3911 892 3986 illo,
908 3913 958 3990 qui
983 3911 1088 3972 thesim
1114 3913 1256 3986 defendit,
1271 3915 1416 3992 quaedam

318 4028 389 4069 vero
402 4007 442 4068 ab
456 4007 519 4080 ilio,
533 4007 583 4087 qui
606 4007 711 4068 thesim
728 4007 894 4087 impugnat,
910 4009 1090 4087 praestanda
1110 4021 1207 4082 erunt,
1221 4031 1316 4089 eaque
1336 4009 1416 4070 dau·
1535 4055 1536 4081 ,

318 4125 398 4166 mam
412 4125 450 4166 ex
465 4103 499 4165 P.
513 4103 686 4184 Tongiorgi,
700 4105 751 4183 qui
767 4105 861 4165 nitide
874 4106 912 4165 de
933 4105 990 4166 hac
1005 4127 1036 4166 re
1058 4107 1175 4168 disserit
1189 4107 1256 4179 (lib.
1272 4106 1332 4168 IV.
1347 4129 1371 4167 c.
1387 4109 1412 4166 4.

318 4221 345 4263 a.
361 4203 412 4279 7.).
