3358 4952
365 463 422 522 162
719 508 724 517 .
860 461 980 538 myssa.

401 657 529 733 til-Ab
544 679 601 718 esse
614 658 765 736 ad·pome;
787 677 846 716 oon
862 657 932 716 item
947 679 966 714 a
976 655 1110 734 possead
1126 675 1182 715 esse
1197 653 1279 714 valet
1292 653 1398 714 illatio.

402 757 502 831 7)-A
523 760 653 834 potentia
667 755 776 834 agendi
789 756 827 814 ad
849 763 943 816 adama
957 754 1047 814 datur
1068 753 1175 825 illatio,
1188 753 1311 831 quando
1323 774 1411 814 curuo
1424 761 1471 813 est

364 855 522 911 rar-exactio
535 864 566 913 et
579 864 622 913 ost
647 853 783 931 proxime
796 853 937 930 expedita
960 851 999 911 sd
1013 861 1113 912 actum
1136 851 1319 921 secundum;
1340 870 1398 910 non
1413 871 1470 910 au-

363 960 421 1009 tem
437 949 557 1027 quando
582 969 669 1008 muso
683 957 722 1008 est
743 949 842 1008 atem
885 947 965 1007 Nam
990 967 1081 1008 musa
1103 947 1341 1019 libera,ta1uelsi
1362 949 1471 1006 omnia

362 1045 462 1104 adsint
485 1045 525 1105 ad
549 1045 699 1123 agendum
723 1045 873 1122 requisita,
888 1055 984 1122 potest
1006 1057 1106 1104 tameo
1132 1063 1187 1122 pro
1206 1063 1261 1102 suo
1284 1043 1410 1104 arbitrio
1433 1057 1470 1102 et

364 1141 562 1201 indifferentia
577 1142 677 1212 caica,
691 1160 751 1220 qua
776 1139 877 1219 pollet,
891 1161 979 1218 agere
994 1141 1040 1200 uel
1066 1161 1124 1199 non
1139 1161 1237 1218 agere,
1255 1141 1309 1200 hoc
1333 1139 1379 1200 vel
1400 1141 1470 1219 ejus

364 1239 546 1298 contrarium
561 1257 677 1316 ponere.

404 1336 434 1410 d)
439 1336 505 1394 -Α
520 1336 690 1394 siritultcaeu
702 1335 890 1412 pcesibs‘litote
903 1355 962 1394 uon
973 1331 1108 1414 sequitur
1118 1335 1293 1414 passibilitas
1301 1333 1469 1394 dmadcae-

363 1433 460 1490 distis:
476 1433 618 1492 nimirum
632 1453 669 1491 ex
684 1453 720 1492 eo
733 1431 813 1510 quod
827 1431 888 1492 duo
900 1443 972 1492 sunt
985 1431 1147 1511 passibilia,
1159 1451 1217 1491 nou
1232 1429 1465 1510 sequitur,quod

364 1542 487 1606 pmurrt
503 1542 602 1606 perse
615 1530 742 1590 existere
762 1529 856 1591 aaut
897 1529 947 1590 sie
963 1550 990 1589 v.
1005 1551 1033 1607 g.
1048 1530 1143 1608 posito
1166 1527 1282 1588 attxilio
1306 1527 1345 1599 A,
1359 1527 1468 1588 Petrus

365 1635 460 1703 potest
474 1623 550 1685 illud
566 1625 704 1704 recipere,
717 1635 747 1685 et
761 1637 857 1704 potest
871 1625 947 1685 illud
968 1645 1123 1705 respuere;
1145 1635 1305 1704 utrumque
1319 1635 1362 1684 est
1377 1623 1467 1704 possi·

365 1722 443 1782 bile:
465 1743 523 1783 non
539 1723 605 1784 ideo
619 1734 718 1785 tamen
734 1723 877 1802 sequitur,
891 1723 972 1802 quud
986 1722 1063 1783 illud
1079 1709 1175 1802 potest
1187 1721 1277 1783 simul
1293 1721 1421 1802 recipere
1434 1733 1466 1781 et

365 1839 509 1897 respuere.

406 1935 472 1994 203.
515 1935 697 1996 Declaratur
709 1936 840 1997 secunda
854 1937 1023 1996 assertionis
1044 1935 1339 2015 pars—Saepissime
1353 1937 1468 1996 coutin-

365 2029 410 2108 git
424 2033 473 2119 (ut
493 2031 677 2110 experientia
700 2033 874 2093 continuata
897 2032 996 2111 docet)
1012 2033 1092 2112 quod
1116 2033 1265 2092 humanus
1287 2031 1466 2102 intellectae,

366 2127 437 2186 ‹lum
462 2127 569 2187 reflexe
593 2129 824 2208 propositionem
850 2129 982 2208 aliquam
1010 2131 1143 2202 rimetur,
1157 2150 1195 2190 ex
1220 2149 1315 2208 eaque
1339 2141 1465 2208 nequem

365 2224 457 2284 aliam
473 2245 525 2304 per
539 2225 742 2286 immediatam
759 2225 923 2286 illationem
938 2225 1093 2298 deducere,
1106 2247 1136 2285 se
1151 2239 1307 2288 convertat
1317 2225 1357 2286 ad
1371 2225 1467 2304 inqui-

366 2306 500 2394 rendum,
515 2343 554 2382 an
569 2322 623 2383 illa
644 2323 816 2402 propositio,
830 2345 908 2402 quae
921 2343 958 2384 ex
980 2323 1167 2402 praecedenti
1181 2323 1345 2382 iminaliote
1358 2321 1465 2382 deduci

366 2419 479 2498 nequit,
492 2419 530 2480 sit
545 2419 740 2480 nihilominus
753 2423 786 2478 in
800 2441 828 2479 se
840 2421 931 2480 vera?
971 2419 1056 2480 'laroc
1068 2419 1130 2498 ipse
1140 2420 1179 2479 ab
1192 2439 1252 2478 una
1267 2418 1468 2497 propositione

365 2514 544 2574 adulteram
555 2535 612 2592 per
624 2515 741 2574 taedam
760 2516 943 2592 Quaestioaia
956 2515 1082 2576 transire
1096 2514 1215 2576 dicitur.
1256 2515 1306 2574 Sir
1322 2536 1349 2574 v.
1363 2537 1392 2594 g.

367 2611 553 2691 “Propositio
577 2611 754 2673 universalis
776 2612 958 2673 affinnativa
972 2611 1098 2672 “Omnis
1118 2613 1240 2691 spiritus
1254 2623 1299 2672 est
1319 2611 1466 2690 simplex’'

367 2710 552 2769 convertitur
577 2709 628 2769 sic.
670 2709 823 2788 “Aliquod
851 2708 978 2786 simplex
1006 2720 1049 2768 est
1076 2708 1241 2787 spiritualis
1267 2706 1461 2768 substantia''

369 2807 545 2866 immediate
559 2807 693 2884 insurget
706 2806 855 2884 quaestio:
878 2809 935 2864 “an
950 2805 1008 2865 ista
1021 2805 1182 2884 propositio
1196 2826 1243 2864 sc:

569 2903 684 2963 “Omne
697 2903 825 2982 simplex
840 2903 878 2963 sit
892 2902 1060 2963 substantia
1073 2901 1257 2981 spiritualis'’

368 3003 484 3064 tarnctsi
500 3013 627 3080 nequeat
640 3022 677 3060 ex
694 3000 881 3079 proeredenti
897 3021 949 3078 per
964 3000 1127 3076 legitimam
1143 2999 1365 3059 conversionem
1380 2997 1467 3058 inscr-

369 3102 403 3172 ri,
418 3101 455 3161 sit
470 3099 664 3158 nihilominus
678 3098 709 3156 in
723 3117 755 3156 se
771 3102 861 3156 veru?
904 3095 952 3155 Eu
969 3095 1123 3174 problema
1140 3095 1388 3175 rnetaphysicum.

408 3197 527 3256 Pariter
539 3217 576 3255 ex
598 3215 641 3266 eo,
656 3193 735 3272 quod
759 3193 943 3272 triangulum
967 3193 1173 3276 rectiangulum
1189 3191 1300 3252 habeat
1320 3211 1466 3251 summam

368 3295 547 3372 angulorum
569 3291 723 3372 aequalem
740 3293 798 3351 180
819 3291 972 3370 gradibus,
987 3311 1045 3351 non
1067 3290 1201 3368 sepelitur
1215 3290 1305 3368 1092·oe
1317 3289 1349 3352 id
1364 3309 1467 3350 venrm

367 3415 427 3453 usse
441 3393 478 3451 de
492 3390 646 3451 aturribus:
668 3389 807 3449 tamensi
822 3389 946 3448 ulterius
961 3389 1090 3466 inquiret
1105 3388 1277 3460 (leoniana,
1292 3387 1422 3446 inveniet
1437 3386 1467 3444 id

369 3509 471 3549 verum
493 3509 554 3548 esse
574 3488 611 3546 de
631 3485 769 3546 omuibus
789 3485 950 3562 triangulis
975 3487 1106 3562 praecise
1125 3484 1197 3562 quia
1218 3483 1371 3562 triangula
1392 3493 1468 3542 sunt.

367 3585 416 3644 sa·
431 3585 512 3644 dirus
526 3584 564 3642 de
576 3583 740 3642 innumeris
754 3581 819 3640 aliis
843 3579 1087 3660 problematibus,
1102 3593 1135 3641 ut
1150 3601 1202 3659 per
1216 3591 1246 3640 te
1270 3580 1368 3658 ipsum
1382 3599 1468 3658 expe

370 3682 420 3742 riri
437 3681 553 3759 potens

411 3779 511 3856 Atque
526 3777 568 3835 ita
590 3775 669 3835 harro
694 3787 818 3854 partem,
833 3795 922 3852 quam
938 3773 995 3833 sub
1008 3773 1148 3852 auspiciis
1172 3773 1236 3832 ΒΒ.
1253 3771 1390 3850 Virginis
1405 3771 1470 3832 Ma-

372 3878 433 3935 riae
447 3873 635 3934 tractandam
651 3873 840 3951 stimepimrrs,
856 3871 997 3930 adfinem
1014 3890 1106 3948 usque
1120 3869 1309 3930 deduximus
1362 3867 1470 3928 Fateor

369 3993 443 4052 opus
456 3973 528 4032 settis
542 3972 693 4050 ingratum
717 3970 813 4048 prima
828 3971 926 4028 lroute
947 3967 1051 4039 videri,
1067 3987 1120 4026 nec
1135 3967 1313 4026 mediocrem
1337 3965 1466 4024 laborem

370 4075 400 4131 in
415 4093 451 4131 eo
465 4067 643 4150 perficiendo
657 4068 822 4144 impensum
838 4067 930 4125 titisse
953 4065 1065 4124 fateor:
1088 4065 1274 4142 quaestiones
1291 4063 1379 4136 enim,
1396 4073 1474 4122 utut

370 4167 480 4239 lisciles,
496 4165 563 4244 plus
589 4163 723 4223 minusve
746 4163 903 4222 intricatae
916 4171 1002 4221 suut:
1024 4159 1158 4222 attamen
1173 4161 1312 4240 apprime
1335 4159 1422 4220 utiles
1435 4179 1472 4218 ac

370 4265 549 4328 necessariae
574 4262 684 4322 (anseri
709 4261 833 4321 debent:
857 4261 1003 4338 siquidem
1028 4280 1065 4318 cx
1092 4259 1227 4337 neglectu
1255 4257 1373 4327 horum,
1396 4275 1473 4335 quae

370 4366 449 4426 circa
473 4363 706 4443 propositionum
732 4371 871 4419 naturam
899 4359 1152 4436 proprietatesque
1172 4355 1320 4434 sapientia
1333 4373 1370 4412 ac
1383 4351 1470 4412 soler·

371 4464 413 4523 tia
424 4460 570 4521 Veterum
584 4457 782 4528 stabilierunt,
794 4455 958 4514 maximam
974 4474 1107 4514 errorum
1124 4463 1237 4532 partem
1254 4461 1375 4510 euamm
1387 4449 1476 4508 titisse

371 4567 567 4619 memento.-
