3172 4950
316 406 355 466 40
812 405 931 485 Βορέω.

315 623 422 664 nomen
436 601 637 675 Substantiae,
652 603 770 663 tametsi
785 603 975 682 desumptum
989 603 1029 664 sit
1043 602 1083 664 ab
1098 602 1144 664 bis
1157 601 1341 664 substantiae
1354 621 1421 682 pra

316 699 501 780 prietatibus,
526 720 585 760 non
612 709 711 760 tamen
734 699 789 760 hae
813 700 1009 780 proprietates
1032 700 1189 780 significat,
1204 698 1254 760 sed
1279 709 1419 760 naturam

314 798 471 876 signifieat,
496 819 572 877 quae
597 797 829 877 proprietatibus
851 797 897 858 hie
922 799 1051 872 fruitam
1072 820 1152 871 narn,
1168 809 1202 860 ut
1225 819 1316 880 supra
1336 821 1374 860 ex
1388 801 1419 863 S.

316 896 432 956 Thema
457 896 688 957 observavimus.
721 898 764 974 (n.
784 897 853 974 tt.)
896 895 1114 975 Saepenumero
1140 898 1261 958 uomina
1285 897 1419 978 aliquam

317 1016 377 1054 rem
400 995 582 1074 significant,
597 1004 628 1055 et
643 1005 744 1054 tamen
767 996 954 1074 inponuntur
968 995 1006 1056 ad
1021 996 1252 1074 significandum
1269 1017 1305 1056 ex
1320 996 1424 1076 aliqua

316 1093 506 1173 proprietate,
521 1113 614 1172 qnam
630 1113 688 1152 non
710 1093 890 1172 significant.
932 1093 981 1152 Sic
996 1113 1023 1154 v.
1038 1113 1066 1172 g.
1082 1092 1159 1174 lapis
1173 1093 1240 1154 ideo
1254 1093 1353 1154 dictus
1367 1105 1425 1165 eet}

315 1191 386 1269 quia
402 1189 494 1250 laedit
510 1189 634 1268 pedem
655 1209 714 1248 non
730 1189 797 1248 ideo
812 1199 912 1248 tamen
929 1209 1035 1248 nomen
1052 1188 1162 1268 lapidis
1176 1188 1255 1250 hano
1269 1189 1423 1268 signifi‹et

316 1289 538 1368 proprietatem,
551 1286 602 1347 sed
618 1305 681 1346 rem
705 1285 800 1357 illam,
815 1305 892 1364 qnae
913 1284 1081 1346 substantia
1104 1296 1156 1346 eet.
1199 1285 1337 1364 Idipsum
1352 1285 1420 1364 pari

316 1387 430 1447 ratione
445 1385 616 1446 verificatur
630 1383 664 1442 in
679 1383 799 1443 nomine
812 1382 1012 1443 Substantiae
1054 1381 1211 1460 Significat
1224 1381 1303 1442 euim
1315 1401 1419 1459 qnam-

315 1471 384 1543 dam
410 1492 560 1554 naturam,
585 1502 663 1562 quae
685 1489 724 1541 ert
748 1481 829 1540 in'sc
850 1491 880 1540 et
903 1501 963 1540 non
987 1481 1020 1538 in
1033 1479 1182 1558 thjeeto,·
1202 1499 1289 1557 ,quae
1312 1478 1420 1538 atsur

314 1579 529 1638 occidentibca:
561 1578 641 1638 hano
666 1597 736 1638 vero
763 1587 902 1638 naturam
926 1575 1062 1636 absolute
1075 1576 1232 1656 significat,
1247 1575 1364 1636 tametsi
1379 1574 1419 1634 ab

316 1674 374 1735 illis
398 1674 633 1754 proprietatibus
649 1673 761 1736 essendi
777 1695 833 1734 sc:
855 1674 885 1733 in
900 1695 931 1734 se
945 1685 974 1735 et
987 1675 1182 1747 sustentandi,
1196 1673 1287 1734 fuerit
1301 1674 1419 1753 imposi-

320 1787 392 1834 tum.
437 1773 528 1833 Ratio
551 1783 652 1832 autem
668 1772 776 1833 ultima
790 1792 827 1832 ex
843 1772 1064 1851 imperfectione
1079 1773 1228 1833 humanae
1242 1772 1419 1850 cognitionis

315 1882 359 1931 est
373 1870 562 1931 desumenda.
605 1869 685 1930 Nam
708 1870 849 1949 quoniam
863 1870 901 1929 de
915 1869 972 1930 hac
987 1882 1098 1930 natura
1111 1870 1272 1930 secuudum
1288 1891 1318 1929 se
1334 1869 1415 1948 loqui

316 1988 375 2028 uon
396 1987 560 2046 possumus,
574 1966 646 2045 quie
667 1965 807 2026 intuitive
821 1987 887 2026 eam
902 1987 962 2026 non
976 1966 1188 2046 cognoscimus,
1203 1987 1337 2046 persnas
1352 1986 1417 2044 pro

316 2065 464 2142 prietates,
478 2084 555 2143 quae
568 2063 654 2124 nobie
668 2064 865 2136 innotescunt,
881 2063 966 2123 illam
981 2064 1212 2124 manifestamus.

354 2163 401 2223 57.
443 2161 611 2222 Declamatio
636 2147 694 2221 aa·
710 2181 885 2239 pertimuere
906 2159 1192 2240 apameae-Est
1213 2161 1316 2238 itaque
1337 2159 1413 2219 Sub·

312 2260 442 2322 stantias
464 2263 530 2318 “ree
554 2278 607 2338 per
630 2277 660 2317 se
686 2257 847 2318 subsistens
857 2257 883 2316 :”
915 2257 985 2317 item
1015 2256 1074 2322 “id.
1102 2256 1181 2336 quod
1210 2255 1415 2318 accidentibus

315 2355 459 2416 suistat.'’
501 2354 589 2415 Prior
599 2354 764 2433 descriptio⁴
773 2354 952 2432 pmrrupolia
962 2364 1006 2414 est
1019 2363 1049 2413 et
1059 2353 1215 2414 ementiam
1227 2355 1269 2413 rei
1283 2354 1415 2432 attingit,

316 2453 458 2532 posterior
471 2449 666 2514 eooandarta:
687 2469 757 2510 nam
771 2450 907 2510 substare
917 2450 1121 2511 accidentibus
1131 2462 1175 2512 est
1185 2450 1300 2530 aliquid
1314 2471 1415 2510 secuu-

316 2549 436 2608 darium
450 2547 480 2606 iu
495 2546 679 2619 Substantia,
693 2547 941 2626 consequiturque
963 2546 1085 2607 modum
1100 2546 1214 2608 essendi
1229 2547 1261 2606 in
1274 2567 1305 2606 se
1318 2557 1349 2608 et
1362 2567 1415 2626 per

313 2667 353 2720 ee,
367 2667 455 2726 quom
470 2645 562 2706 habet
575 2644 758 2705 Substantia.

516 2743 555 2803 In
570 2743 662 2823 priori
676 2743 875 2822 descriptione
888 2743 949 2804 duo
963 2743 1053 2803 velim
1068 2742 1212 2806 observes.

355 2841 491 2902 Primum
506 2850 630 2902 est-ro
656 2861 712 2900 eene
724 2843 759 2900 ia
768 2861 797 2900 se
811 2850 841 2899 et
858 2860 915 2918 per
928 2859 956 2899 se
969 2838 1105 2900 excludit
1118 2860 1138 2899 a
1152 2839 1266 2900 ratione
1279 2838 1414 2898 substan·

313 2941 373 3000 tiae
397 2929 572 3019 subjeetum,
588 2939 635 2998 oui
656 2938 720 3016 ipsa
742 2937 912 3006 irritamen
934 2955 993 3000 nou
1008 2937 1078 2997 item
1094 2956 1257 3010 causamn
1271 2957 1331 3016 qua
1345 2957 1414 3016 pen·

313 3037 391 3108 dect,
402 3037 425 3095 ei
438 3035 476 3096 de
486 3034 654 3096 substantia
671 3033 756 3094 finita
768 3035 884 3112 agitur:
909 3034 951 3094 ita
964 3047 997 3094 ut
1007 3054 1107 3094 sensus
1117 3035 1156 3094 sit
1167 3056 1174 3093 :
1186 3033 1361 3108 Substantia
1370 3045 1412 3093 est

313 3137 386 3203 “ree,
400 3152 477 3211 quae
499 3130 590 3191 habet
603 3151 665 3190 esee
678 3131 711 3192 in
725 3151 753 3190 ee
767 3141 796 3191 et
813 3151 870 3208 per
882 3151 920 3202 ee,
934 3130 1006 3209 quin
1022 3130 1155 3208 indigeat
1168 3130 1301 3210 subjecto
1314 3130 1412 3192 inhae-

311 3231 420 3299 eiom'e;
443 3249 502 3289 non
524 3239 624 3289 autem
647 3227 727 3307 quod
751 3245 810 3288 non
834 3227 966 3306 indigeat
988 3247 1195 3306 causaeque
1218 3228 1373 3306 pendeat,”
1387 3229 1410 3288 si

313 3327 398 3388 finita
419 3324 587 3386 substantia
601 3334 652 3384 eat.
694 3322 732 3384 Id
754 3324 842 3396 enim,
857 3323 937 3402 quod
951 3343 970 3383 a
984 3342 1074 3383 causa
1088 3343 1147 3386 non
1169 3323 1288 3402 pendet,
1302 3323 1413 3384 dicitur

313 3421 422 3482 habere
447 3442 515 3493 esee,
530 3441 589 3481 non
614 3431 731 3481 tantum
755 3422 788 3480 in
803 3431 875 3480 acet
886 3441 940 3498 per
952 3441 990 3492 ee,
1004 3419 1055 3481 sed
1069 3442 1151 3492 aec‚·
1172 3421 1252 3500 quod
1274 3422 1410 3500 equidem

313 3518 403 3579 solius
426 3517 485 3578 Dei
505 3503 661 3598 'proprium
684 3529 746 3589 est;
768 3517 878 3597 quippe
900 3517 968 3596 Ipse
992 3516 1168 3578 Substantia
1191 3527 1234 3578 est
1259 3529 1289 3578 et
1312 3517 1411 3579 Causa
1449 3589 1451 3592 ¹

313 3614 557 3693 primoomnium
572 3633 722 3674 remna-

353 3711 523 3774 Secuudum
548 3719 674 3770 est—ru
699 3729 759 3770 esee
783 3712 815 3769 in
838 3731 867 3770 ae
891 3721 920 3770 et
940 3731 994 3788 per
1017 3731 1045 3770 ee
1060 3709 1195 3790 (quando
1208 3731 1305 3772 sermo
1318 3710 1413 3771 estde

315 3805 473 3883 creaturis)
488 3806 565 3866 sumi
580 3805 668 3866 debet
682 3826 741 3868 uon
756 3808 913 3880 amicaliter,
927 3806 979 3867 aed
994 3807 1228 3885 aptr'tndiealiter
1238 3818 1267 3868 et
1281 3810 1413 3888 eripitice

315 3904 358 3962 ita
382 3913 416 3963 ut
429 3923 530 3963 sensus
550 3903 604 3975 sit;
625 3902 793 3964 substantia
813 3915 872 3964 est:
894 3909 973 3975 “ens,
987 3905 1035 3964 cui
1050 3903 1175 3965 debetur
1197 3906 1323 3965 existere
1337 3906 1367 3965 in
1382 3927 1413 3966 se

312 4011 342 4060 et
355 4019 408 4079 per
421 4019 453 4062 ee
462 3999 489 4071 ;'’
511 3999 558 4060 vel
580 3998 670 4060 etiam
692 3999 860 4060 substantia
872 4011 934 4062 est:
957 4005 1029 4074 “res,
1044 4002 1092 4061 oui
1107 4001 1248 4081 competit
1262 4022 1323 4062 esse
1337 4001 1367 4061 in
1381 4023 1412 4063 ee

268 4171 275 4185 ι
311 4108 341 4157 et
354 4117 407 4177 per
420 4097 477 4157 se.''
519 4095 556 4156 ln
572 4096 776 4176 metaphysica
796 4099 941 4158 rationem
957 4097 1045 4177 hujus
1059 4097 1100 4157 rei
1115 4097 1261 4159 dabimus
1305 4098 1366 4177 (Of.
1380 4097 1411 4159 S.

312 4193 368 4254 Th.
383 4192 408 4253 1.
424 4213 488 4254 con.
503 4191 592 4254 Gent.
607 4215 632 4254 c.
658 4193 774 4253 25.-s.
799 4193 901 4253 Theoi.
918 4193 944 4254 1.
959 4215 988 4272 p.
1003 4215 1030 4273 q.
1046 4194 1073 4253 3.
1088 4214 1115 4254 a.
1131 4195 1158 4254 5.
1172 4194 1212 4255 ad
1228 4195 1366 4255 lum—3.
1382 4215 1411 4274 p.

310 4290 622 4370 q.77.a1.ad2-
