3172 4950
335 441 370 498 ill
549 527 552 534 Ι
828 440 947 518 Lopinr.

375 632 451 691 ltem
467 653 534 692 enm
554 633 754 694 rin-dieitur
767 635 840 694 aetio
861 633 945 694 dubet
966 635 1152 704 contum-ium,
1168 631 1301 710 intellige
1322 633 1436 690 rollone

334 729 467 796 ter-oniti,-
496 728 606 788 ideireo
631 729 704 790 haec
729 731 894 808 proprietas
918 750 977 790 non
1003 729 1029 788 ei
1055 730 1205 807 competit,
1234 729 1289 787 nisi
1314 727 1437 807 quando

279 858 285 870 ·
334 825 457 886 aetionis
479 827 622 885 terminus
647 825 738 886 hubet
759 827 951 886 eontrarium.
995 825 1109 886 Eadem
1137 815 1215 885 enim
1231 826 1375 886 terentio
1399 825 1437 884 ‹le

334 922 450 981 notione
465 923 545 982 etde
560 933 653 995 motu,
667 943 793 1002 quocum
810 923 1020 982 identificatur.

375 1018 505 1077 Demmu
521 1039 588 1077 eum
605 1018 800 1078 rin—dicitur
814 1021 888 1078 aetio
900 1020 1017 1096 suscipit
1032 1021 1123 1096 stupis
1137 1023 1161 1076 el
1177 1020 1281 1090 eninm,
1297 1017 1326 1076 id
1342 1031 1433 1096 potest

335 1113 494 1192 dupliciter
516 1113 651 1192 intelligi.
693 1114 764 1176 Uno
779 1115 866 1175 modo
880 1116 993 1174 ratione
1006 1116 1123 1174 termini
1136 1123 1258 1186 tautum,
1272 1135 1331 1192 quo
1346 1113 1434 1172 modo

336 1210 516 1270 illuminatio
533 1231 558 1270 v.
573 1231 601 1288 g.
617 1204 740 1282 ut'octo‚
753 1221 796 1270 est
811 1212 906 1290 major
919 1223 949 1272 ot
963 1212 1105 1272 intensior
1119 1213 1199 1272 aetio
1220 1232 1310 1290 quom
1327 1210 1437 1270 illumi-

336 1306 425 1376 natio,
438 1318 471 1366 ut
485 1317 623 1386 quotuor,
638 1307 753 1368 etiamsi
768 1320 894 1386 utreque
908 1307 961 1368 fiet
976 1308 1005 1366 in
1022 1308 1160 1368 instanti:
1175 1319 1265 1387 utque
1281 1309 1336 1368 hot·
1350 1329 1434 1367 sensu

335 1402 438 1468 eodem
450 1417 493 1462 ost
505 1403 734 1482 proportionalis
745 1403 822 1464 ratio
833 1403 931 1482 quoad
948 1404 1026 1464 hanc
1038 1405 1249 1483 proprietatem
1265 1405 1294 1464 in
1310 1406 1436 1474 notione,

336 1520 411 1577 «lune
426 1500 457 1558 iu
471 1500 591 1560 formali
614 1501 740 1560 termino
754 1501 825 1579 ejus.
868 1501 974 1561 Altero
995 1521 1064 1561 uero
1088 1502 1175 1562 modo
1196 1513 1292 1580 potest
1307 1501 1434 1580 intelligi

338 1596 390 1656 illa
408 1598 573 1676 proprietas
587 1598 703 1658 ratione
715 1619 761 1658 so:
785 1599 927 1676 temporo,
937 1619 996 1677 quo
1011 1598 1099 1658 modo
1110 1599 1169 1659 dici
1186 1611 1280 1678 potest
1295 1599 1436 1659 intensior

337 1695 423 1764 notin,
437 1714 514 1772 quse
531 1693 661 1756 uelocius
675 1695 719 1768 fit,
732 1695 849 1755 etiamsi
863 1695 925 1756 olis
939 1697 1018 1756 actio
1033 1707 1164 1775 tempore
1186 1697 1313 1776 longiori
1329 1719 1436 1776 oeque·

239 1821 241 1826 ·
339 1791 393 1848 lem
418 1791 525 1852 habeat
549 1791 703 1852 effectum:
725 1805 754 1852 et
775 1802 848 1854 tuno
871 1795 1035 1873 proprietas
1061 1795 1117 1855 ieta
1142 1796 1244 1874 nequit
1269 1797 1437 1862 convenire.

339 1888 394 1946 nisi
409 1889 518 1948 actioni
533 1891 759 1962 successissent
780 1901 863 1968 putet
877 1911 930 1969 per
943 1911 982 1964 se,
996 1901 1026 1951 et
1040 1889 1180 1953 coineidit
1195 1913 1261 1953 oum
1280 1893 1437 1952 seloeitate

338 1996 442 2048 motus.
485 1987 529 2047 Ar
551 1987 686 2049 'leloer'tas
697 1992 747 2066 (ut
758 1989 833 2050 bene
843 1989 981 2051 observat
994 1990 1106 2050 Suarez
1119 1990 1138 2051 l.
1153 1992 1193 2066 e.)
1209 1991 1306 2050 minus
1319 1991 1438 2068 proprie

338 2083 447 2166 dieitur
463 2086 583 2144 ortensio
604 2085 745 2146 notionis:
768 2107 838 2147 nem
858 2087 956 2166 potius
970 2098 1015 2147 est
1028 2088 1127 2147 minor
1140 2088 1286 2166 quaedam
1303 2088 1438 2148 extensio

340 2181 468 2259 partium
492 2181 644 2259 ipsiusmet
666 2183 800 2258 sotionis,
814 2184 978 2245 seeundum
1000 2184 1188 2244 durationem
1210 2205 1261 2243 seu
1284 2184 1439 2244 successio-

340 2297 413 2337 nem.
457 2278 558 2356 Atque
571 2277 644 2338 hoec
659 2279 809 2340 sufficiunt
822 2280 860 2340 de
873 2282 1005 2340 notione:
1020 2280 1058 2340 de
1072 2280 1206 2358 pfflsione
1217 2291 1317 2340 autem
1331 2281 1437 2340 eedem

332 2375 486 2466 dieantur,
501 2374 678 2436 habitudine
699 2385 817 2438 tuntum
832 2386 956 2438 mutato.

624 2876 670 2919 DE
682 2875 842 2921 cumanus
856 2877 1156 2920 PRAEDIFAMENTIS.

382 3055 483 3118 Pauca
497 3055 534 3116 de
548 3056 594 3116 his
609 3055 657 3116 hio
671 3056 770 3117 dicere
785 3074 953 3134 possumus:
975 3075 1045 3114 nam
1060 3053 1120 3114 duo
1134 3055 1243 3115 ultimo
1256 3056 1336 3115 Situs
1348 3075 1396 3114 se:
1409 3067 1439 3114 et

343 3154 471 3214 Hodites
484 3152 691 3214 difficultatem
706 3173 767 3213 non
782 3151 925 3232 praebent
938 3172 992 3212 neo
1007 3151 1128 3231 longum
1144 3162 1295 3212 merentur
1309 3152 1441 3230 explieat-

342 3252 468 3322 tionem;
496 3249 554 3312 Ubi
566 3259 666 3309 autem
682 3258 711 3310 et
731 3248 856 3325 Qrtando
870 3269 929 3308 non
951 3257 1074 3327 possunt
1088 3248 1137 3308 hio
1157 3248 1310 3308 commode
1330 3247 1441 3319 evolvi,

342 3346 452 3426 quippe
466 3345 563 3406 multe
583 3356 764 3425 supponunt,
778 3365 855 3424 quse
869 3345 907 3404 ud
923 3365 1020 3405 rerum
1033 3345 1231 3418 durationem,
1245 3357 1275 3404 et
1288 3345 1327 3404 ud
1342 3345 1441 3404 loeum

343 3445 498 3525 pertinent,
513 3464 648 3524 quaeque
662 3443 779 3504 nonnisi
793 3443 824 3503 in
841 3442 1049 3522 Metuphysioo
1060 3443 1139 3503 trudi
1155 3454 1285 3520 possunt.
1327 3441 1442 3516 Quem-

342 3543 443 3603 obrem
459 3541 512 3602 hes
526 3541 756 3620 qualescumque
770 3539 980 3619 descriptiones
995 3541 1083 3601 modo
1098 3540 1206 3618 seoipe.

383 3640 430 3700 87.
478 3636 534 3700 Ubi
547 3659 596 3698 seu
620 3659 676 3697 esse
694 3636 804 3696 ‹tlioubt'
825 3645 868 3696 est
890 3636 973 3697 “loro
996 3636 1139 3697 contineri
1150 3635 1175 3696 :'’
1198 3644 1231 3696 ut
1246 3657 1274 3695 v.
1287 3658 1315 3714 g.
1331 3634 1445 3714 templo

342 3736 389 3796 vel
404 3755 488 3796 vase:
510 3733 625 3794 duobus
647 3753 775 3812 namque
791 3733 885 3794 modis
901 3753 945 3792 res
959 3733 1069 3793 dieitur
1090 3755 1150 3792 esse
1164 3733 1193 3791 iu
1218 3733 1282 3792 loeo
1296 3755 1345 3790 se:
1368 3755 1439 3790 vorre-

345 3834 436 3906 rnuuu‘,
451 3851 510 3910 quo
524 3841 612 3910 puoto
626 3831 725 3890 Sortes
739 3830 851 3890 dieitur
864 3851 924 3890 esse
939 3831 967 3889 in
985 3830 1111 3908 templo:
1131 3833 1259 3908 proprio,
1273 3849 1333 3907 quo
1349 3843 1437 3907 pur-to

343 3929 440 3988 oleum
462 3927 572 3988 dieitur
593 3947 653 3988 esse
675 3927 705 3987 in
729 3927 970 4006 dolio-Spondeo
985 3951 1034 3982 run
1064 3927 1122 3990 Ubi
1142 3939 1211 3987 sunt
1232 3947 1332 4006 supra,
1348 3929 1444 3994 infru:

343 4033 421 4098 onte,
436 4033 531 4096 retr03
552 4024 751 4098 dextrorsum,
762 4024 1150 4086 sinistorsum-Passiouee
1161 4024 1252 4102 ipsius
1263 4034 1331 4082 sunt
1349 4041 1367 4082 ι,
1385 4045 1440 4080 ηομ

344 4120 447 4182 tabem
461 4121 648 4182 munatium.
691 4139 724 4180 11.
740 4141 796 4181 uon
812 4120 955 4199 meoipere
967 4123 1060 4200 osopio
1074 4127 1099 4180 et
1113 4123 1217 4180 orsurus.

384 4219 431 4278 88.
480 4217 605 4295 &modo
626 4237 678 4278 seu
692 4239 748 4279 esee
769 4220 802 4278 ln
824 4225 948 4296 tempore
969 4227 1028 4278 eet:
1050 4223 1201 4296 “tempore
1216 4217 1359 4278 ‹·ontiueri
1372 4218 1398 4276 :”
1415 4237 1443 4278 r.

343 4337 370 4392 g.
412 4313 502 4374 fluisse
515 4333 594 4374 anno
617 4313 967 4393 praecedenti-Species
980 4313 1071 4392 ipsine
1085 4325 1154 4374 sunt
1168 4333 1242 4384 oros,
1257 4313 1337 4384 heri,·
1346 4313 1445 4374 hodie.
