3172 4950
318 425 356 488 64
812 423 932 506 Lupias.

316 623 423 683 albedo
451 623 482 682 in
511 643 617 702 cygno,
642 622 765 700 nigredo
793 621 825 680 in
849 641 946 681 corvo.
989 618 1175 700 Proveniant
1204 639 1273 680 varo
1299 635 1413 678 ru—ax

316 722 487 782 nauide-ntuli
503 724 648 800 passinus,
663 719 783 800 quaudo
799 741 858 781 non
872 741 889 780 a
906 721 1064 780 nativitate
1077 719 1127 779 sed
1142 719 1182 779 ab
1196 719 1299 798 aliqua
1322 737 1410 778 causa

315 819 470 878 aarum
486 819 681 896 proveniunt:
703 839 779 897 quas
790 818 908 896 quidam
926 819 1022 898 passio
1036 839 1096 877 essa
1108 829 1202 896 potest
1211 837 1414 896 peramarum

318 929 350 977 ut
366 939 392 977 v.
407 939 435 996 g.
451 918 532 978 color
554 917 684 997 pallidus
707 928 877 978 contractus
891 939 928 977 ax
943 919 1087 977 diuturno
1103 917 1222 988 morbo.;
1246 916 1292 977 vel
1308 917 1412 975 trausi-

319 1035 368 1073 sos
383 1026 416 1074 ut
431 1035 458 1074 v.
473 1036 501 1093 g.
516 1013 608 1074 rubor
621 1035 659 1074 ex
674 1015 854 1075 verecundia
869 1014 1051 1092 proveniens.

358 1111 528 1187 Qualitatas
551 1131 630 1184 varo,
644 1129 720 1189 quae
745 1131 851 1171 causae
875 1122 946 1170 suut
970 1109 1149 1190 passionum,
1164 1109 1206 1186 α’)
1231 1108 1310 1168 aliua
1334 1117 1412 1180 suut,

319 1227 394 1288 quaa
407 1208 540 1268 efficiunt
560 1207 725 1286 passionem
741 1227 799 1266 nou
815 1215 933 1267 tantum
949 1206 1135 1266 inanimatis
1151 1205 1246 1277 rebus,
1260 1205 1310 1266 sed
1325 1206 1413 1265 etiam

319 1307 347 1364 iu
362 1303 438 1375 aliis,
453 1317 487 1364 ut
500 1313 544 1364 at
557 1323 585 1364 v.
600 1325 628 1383 g.
644 1303 742 1364 calor:
764 1303 790 1362 b'
797 1315 807 1378 )
822 1303 900 1364 aliae
921 1323 993 1364 vero
1006 1315 1085 1376 sunt,
1099 1323 1176 1382 quaa
1196 1323 1258 1362 non
1274 1301 1411 1381 ingerunt

319 1401 492 1479 passionem,
506 1401 562 1460 nisi
583 1411 702 1461 tantum
717 1401 748 1460 iu
771 1400 983 1472 animantibus,
998 1401 1163 1480 cujusmodi
1185 1413 1255 1461 sunt
1269 1399 1372 1460 odoras
1386 1409 1414 1459 at

317 1517 441 1577 sapores.
1014 1487 1018 1495 ¹

357 1593 408 1654 Ex
422 1594 509 1654 dictis
523 1593 679 1672 intelliges,
693 1593 766 1673 quid
781 1593 902 1654 uomine'
909 1595 1058 1672 passibilis
1071 1595 1220 1675 qualitatis
1233 1605 1262 1654 et
1272 1595 1418 1673 passionis

285 1697 291 1718 ’
320 1692 426 1752 vestiat.

357 1789 405 1848 80.
447 1787 562 1866 Aliqua
585 1789 663 1848 enim
688 1789 818 1868 qualitas
842 1789 901 1850 di'ai
926 1801 1021 1870 poust
1041 1791 1190 1870 passibilis
1205 1790 1250 1850 vel
1266 1791 1339 1869 quia
1353 1807 1411 1850 1.-

319 1884 483 1964 subjeetum
501 1885 583 1945 illam
607 1887 750 1966 resipiens
772 1887 928 1962 aquaritiam
942 1909 1003 1947 euru
1025 1889 1147 1966 patitur,
1161 1907 1220 1966 quo
1235 1887 1323 1947 modo
1337 1887 1419 1947 calor

319 1985 346 2041 in
374 2003 463 2042 runnu
491 1993 624 2062 receptus
649 1984 797 2063 passibilis
821 1983 951 2064 qualitas
975 1985 1105 2056 dicitur;
1136 1985 1282 2063 siquidem
1309 2005 1414 2044 manns

319 2079 445 2139 walorum
460 2079 623 2158 experiens,
639 2081 771 2160 patitur:
794 2080 841 2141 vol
856 2082 928 2160 quia
950 2083 1091 2160 11.—-ipsa
1104 2092 1148 2142 ast
1161 2101 1250 2140 causa
1269 2082 1415 2159 passionis

318 2176 570 2255 quemadmodum
584 2177 667 2238 calor
681 2177 758 2257 ignis
768 2188 872 2239 causat
885 2179 916 2237 in
928 2177 1011 2258 ligno
1022 2177 1068 2238 vel
1085 2179 1114 2238 in
1128 2199 1219 2238 mauu
1235 2179 1419 2258 passionem

320 2272 365 2332 vel
389 2271 510 2332 demum
535 2273 697 2352 111.-quia
719 2273 784 2354 ipsa
805 2285 850 2336 est
868 2277 1017 2354 passionis
1037 2273 1158 2354 effaetus.
1201 2273 1345 2335 Jamvaro
1360 2274 1416 2334 hae

318 2369 477 2448 qualitates
491 2389 549 2429 uon
568 2371 700 2449 prusam
722 2371 864 2432 dicuntur
880 2371 1034 2449 passibiles
1055 2371 1148 2450 priori
1171 2371 1259 2431 modo
1274 2372 1291 2432 i.
1306 2391 1330 2432 e.
1345 2371 1417 2450 quia

316 2466 482 2545 subjeetum
497 2465 566 2527 illas
587 2467 740 2546 recipiens,
753 2467 916 2528 secundum
930 2489 979 2528 eas
993 2469 1125 2547 patitur:
1147 2467 1298 2529 nonenim
1316 2467 1373 2528 mel
1389 2488 1417 2529 v.

318 2585 344 2642 g.
360 2564 483 2642 patitur,
497 2563 570 2643 quia
592 2563 683 2625 habat
704 2563 910 2626 dnlcedinem:
932 2564 1072 2644 salignis
1094 2565 1218 2645 patitur,
1232 2565 1304 2644 quia
1326 2564 1415 2625 habet

318 2661 464 2734 valorem3
484 2661 536 2722 sed
550 2661 693 2723 dicuntur
711 2664 831 2742 propris
852 2662 1005 2742 passibiles
1026 2663 1156 2724 mcundo
1169 2673 1199 2723 et
1220 2663 1308 2724 tertio
1332 2663 1420 2724 modo

320 2763 336 2819 i.
351 2779 375 2819 a.
386 2758 433 2819 val
448 2759 520 2838 quia
534 2766 655 2820 mussant
669 2760 834 2839 passionem
848 2760 878 2820 in
894 2760 955 2821 alio
968 2759 1116 2840 subjecto:
1132 2771 1166 2821 ut
1179 2779 1207 2820 v.
1222 2782 1250 2838 g.
1265 2761 1356 2833 calor,
1370 2781 1414 2821 sa·

320 2877 372 2934 por
380 2865 411 2917 st
419 2854 466 2916 val
478 2857 550 2935 quia
560 2865 630 2917 sunt
640 2857 753 2936 affatus
767 2857 945 2936 passionum.
975 2856 1151 2917 Notandum
1163 2865 1264 2918 tamon
1275 2869 1327 2931 ast,
1337 2857 1418 2937 quod

318 2973 408 3032 supra
423 2953 584 3024 innuimus,
594 2952 817 3032 hasqualitatas
830 2973 907 3032 quae
921 2965 991 3014 sunt
1005 2954 1118 3033 affectus
1126 2956 1298 3033 passionum
1311 2975 1372 3014 osse
1386 2955 1417 3014 in

319 3051 431 3130 duplici
454 3050 630 3111 diffamatia.
673 3051 831 3128 Quaedam
846 3051 926 3111 anim
951 3051 1131 3130 proveniunt
1143 3071 1181 3111 ex
1197 3051 1330 3129 passione
1350 3073 1417 3127 per·

319 3151 458 3208 »mauriti
481 3148 544 3207 sive
569 3146 701 3207 naturali
726 3148 789 3207 sive
816 3147 1004 3218 accidentali,
1029 3157 1103 3227 puta
1128 3147 1232 3208 morbo
1255 3147 1416 3218 diuturu03

320 3255 409 3325 atque
432 3245 488 3306 hae
507 3246 628 3324 propris
650 3245 883 3305 denominantur
899 3245 1053 3323 possibiles
1075 3245 1241 3324 qualitates:
1271 3245 1418 3324 quandam

320 3343 397 3402 oliae
420 3342 601 3421 proveniunt
624 3361 662 3400 ex
685 3341 820 3419 passione
843 3361 902 3401 uon
931 3341 1141 3419 perseveranti,
1162 3341 1212 3401 sad
1237 3348 1423 3412 normanum

321 3449 354 3500 ut
367 3459 396 3500 v.
411 3459 439 3518 g.
456 3436 547 3498 rubor
567 3458 605 3497 ex
620 3437 809 3509 verecundia,
825 3436 873 3496 val
895 3437 1100 3498 instantaneus
1123 3445 1220 3498 motus
1243 3437 1305 3498 iras
1326 3448 1417 3516 atqua

320 3539 376 3597 hae
392 3535 513 3614 propris
534 3535 677 3595 dicuntur
700 3533 860 3594 Passiones.
903 3533 945 3593 Et
964 3535 1033 3613 jure
1056 3535 1226 3612 meritoque.
1269 3531 1314 3595 Ut
1338 3533 1417 3592 onim
1473 3579 1476 3584 .

319 3635 467 3716 sapidulas
490 3634 621 3696 advertit
646 3633 830 3707 Aristoteles,
856 3632 907 3694 ille
931 3633 1040 3713 quiex
1067 3631 1421 3693 verecundia'contraxit

321 3733 456 3794 ruborem
473 3751 531 3792 non
546 3731 658 3792 dicitur
671 3729 780 3790 rubeus
796 3729 846 3806 (ao
869 3729 993 3809 proiudo
1008 3749 1066 3788 uon
1087 3728 1300 3788 denominatur
1313 3729 1425 3805 stupu-

222 3876 227 3890 .
319 3834 388 3891 αἰὼν
401 3829 513 3910 qualis)
528 3829 578 3889 sed
595 3829 693 3907 potius
708 3826 819 3886 dicitur
835 3843 940 3906 passaw
955 3827 1101 3886 ruborem.
1145 3825 1200 3886 Fst
1215 3826 1315 3903 itaqua
1332 3825 1423 3884 rubor

321 3937 424 3988 enatus
438 3947 474 3988 ex
497 3925 677 3990 verecundia
700 3925 825 4005 quantitas
832 3946 844 3994 ,·
864 3936 897 3985 at
920 3934 1066 4002 quantum
1081 3923 1120 3983 ad
1141 3923 1423 3989 denominationem,

321 4046 379 4087 non
403 4034 447 4086 est
470 4023 597 4084 dicenda
621 4023 747 4082 absoluta
767 4019 897 4100 qualitas
918 4021 936 4080 i.
951 4040 975 4080 e.
997 4039 1182 4098 permaneus,
1201 4031 1235 4079 ut
1258 4016 1420 4078 anundum

320 4145 386 4185 aarn
399 4123 566 4202 subjeetum
582 4121 665 4202 quala
679 4119 866 4180 denominari
881 4129 979 4197 queat.

362 4219 412 4280 Ad
437 4219 515 4280 hauc
535 4217 691 4297 qualitatis
718 4216 844 4296 speciem
874 4215 1059 4276 reducuntur
1086 4213 1220 4292 quinque
1243 4213 1425 4290 conjugatae

321 4319 426 4380 elassa
438 4317 606 4396 passionum
622 4315 715 4376 animi
729 4314 767 4375 de
780 4313 889 4393 quibus
902 4331 995 4392 supra
1008 4311 1131 4390 egimus.
1149 4315 1193 4388 (n.
1208 4309 1272 4387 79.)
