3172 4950
321 405 361 465 aa
812 405 932 486 aaa.

319 601 408 674 Serta
430 599 528 664 Virtus
548 601 585 662 de
609 601 788 662 lt‘umr'tt'tota:
811 622 881 663 nam
904 604 929 663 si
950 603 1016 682 quis
1030 623 1049 664 a
1062 613 1092 663 te
1113 614 1265 683 pestutum
1285 604 1357 681 quid
1379 606 1419 665 sit

320 696 428 771 Sortes,
439 697 486 758 rel
497 697 570 776 quid
580 701 619 758 sit
632 697 808 760 humilitas?
822 708 900 760 recte
912 699 1100 779 respondebis
1110 699 1227 762 “Sortes
1237 714 1281 762 est
1291 702 1380 763 horno
1390 703 1418 762 ε’*

319 796 494 858 “humilitas
508 807 551 858 ost
566 795 777 857 Virtus.''-Id
790 805 890 858 autem
902 797 1093 876 praedicatur
1103 797 1134 856 in
1145 796 1317 876 quaestione
1330 796 1421 876 quale

320 895 367 967 sit,
379 895 425 957 vel
437 895 616 974 simplicitur
627 897 661 955 ia
674 895 767 976 paule,
778 915 831 974 per
841 895 920 973 quod
932 905 1002 974 apte
1012 895 1210 974 respondetur
1224 896 1422 975 interroganti

320 992 416 1070 quattu
440 994 476 1052 ait
502 995 569 1052 res?
599 993 668 1054 Hoc
696 993 784 1054 modo
810 993 997 1054 matuatus
1031 1005 1060 1057 et
1086 993 1241 1055 risibilitas
1269 994 1306 1054 de
1333 993 1421 1056 Sorte

318 1087 550 1166 praedicantur:
565 1089 589 1150 si
604 1090 683 1149 euim
698 1089 764 1167 quis
777 1109 797 1149 a
810 1097 840 1150 te
854 1089 1012 1168 quaesierit
1025 1089 1114 1168 quale
1127 1089 1240 1150 animal
1252 1090 1291 1150 sit
1300 1089 1422 1151 Sortes?

327 1195 398 1263 apte
410 1185 599 1264 respondebis
613 1209 620 1245 ε
642 1185 759 1246 “Sortes
773 1175 817 1246 est
831 1186 944 1246 animal
959 1187 1102 1246 sotietate
1111 1185 1139 1246 :”
1160 1187 1279 1248 risibile.

361 1283 398 1344 Id
420 1283 611 1363 praedicatur
631 1277 854 1358 accideretctiter,
878 1283 958 1364 quod
980 1303 1039 1344 non
1064 1284 1192 1362 pertinet
1205 1283 1245 1344 ad
1259 1285 1417 1346 essentiam

320 1381 445 1461 subjecti
459 1403 466 1454 ;
487 1381 567 1460 quod
581 1391 680 1441 autem
695 1379 735 1441 ad
749 1380 905 1441 essentiam
919 1379 1044 1460 subjecti
1058 1381 1195 1459 pertinet,
1210 1381 1247 1440 de
1260 1401 1295 1441 eo
1308 1381 1421 1441 matb-

229 1454 243 1480 ⁸
320 1479 405 1539 ctt'ter
418 1479 615 1558 praedicatur.
666 1477 753 1556 Quae
771 1487 872 1539 autem
887 1477 1100 1539 cocidemattter
1123 1478 1335 1556 praedicantur
1348 1490 1419 1539 sunt

322 1575 451 1654 duplicis
464 1575 787 1655 geneda-Quaedam
797 1585 875 1649 sunt,
885 1595 962 1655 quae
971 1575 1088 1637 tametsi
1102 1593 1165 1638 non
1179 1577 1363 1637 constituant
1375 1597 1417 1637 es·

319 1677 454 1747 seutiam,
464 1696 501 1735 ex
510 1695 546 1735 ea
559 1685 660 1735 umen
674 1675 831 1735 naama
845 1683 1075 1754 consequuntur,
1082 1684 1174 1752 atque
1187 1673 1263 1748 ideo,
1271 1673 1341 1735 licet
1355 1693 1415 1735 non

318 1773 378 1834 sint
391 1773 428 1833 cla
440 1772 574 1844 meantia,
586 1781 657 1833 sunt
665 1783 766 1832 mmen
774 1793 809 1832 ca
824 1772 964 1845 essentia;
977 1781 1007 1833 et
1016 1771 1186 1851 hujusmodi
1194 1782 1265 1833 sunt
1278 1792 1322 1845 ea,
1337 1791 1415 1850 quae

319 1869 363 1930 ita
374 1869 563 1928 affirmantur
571 1867 608 1928 de
617 1868 760 1948 subjecto,
770 1867 850 1934 utdc
858 1888 893 1928 eo
901 1868 1005 1948 negari
1013 1880 1172 1947 nequeant,
1182 1867 1293 1946 absque
1306 1866 1420 1946 subjec-

320 1965 344 2025 ti
353 1965 511 2025 eversione.
542 1963 612 2024 Hoc
621 1973 710 2043 pacto
718 1963 892 2044 discipliane
903 1984 996 2042 capae
1009 1963 1177 2025 affirmatur
1190 1963 1227 2024 de
1241 1963 1379 2024 homine:
1394 1963 1420 2022 si

321 2065 400 2124 enim
415 2062 482 2142 quis
496 2063 649 2142 negaverit
660 2062 811 2123 bominem
822 2081 1031 2142 csseoapacem
1042 2062 1229 2142 disciplinae,
1239 2083 1420 2142 consequetur

321 2171 372 2232 ast,
399 2171 432 2221 ut
455 2171 543 2239 neget
564 2159 661 2240 ipsum
684 2179 745 2221 esse
772 2159 932 2221 hominem.
973 2159 1061 2220 Haec
1083 2159 1176 2240 igitur
1203 2159 1422 2220 accidentaliter

320 2255 450 2334 quidem,
473 2265 506 2316 at
529 2257 686 2318 aaemccrtc
710 2256 922 2336 praedicantur
944 2256 982 2317 de
995 2256 1336 2337 subjecto-Quaedam
1357 2256 1420 2318 alia

320 2364 390 2438 sunt
412 2373 488 2432 quae
507 2373 561 2414 nec
585 2353 741 2414 essentiam
766 2354 960 2428 constituunt,
973 2373 1069 2433 neque
1082 2373 1121 2414 ex
1134 2374 1170 2414 ea
1190 2353 1353 2433 profluunt,
1367 2353 1419 2414 sed

320 2451 516 2530 scatiscentes
539 2449 585 2510 illi
607 2450 790 2523 adveniunt3
811 2459 901 2529 atque
925 2470 961 2511 ea
973 2460 1054 2525 suut,
1067 2471 1144 2530 quae
1165 2452 1208 2511 ita
1228 2451 1266 2510 de
1285 2449 1420 2530 subjecto

320 2547 518 2619 affirmantur,
533 2557 567 2607 ut
580 2547 617 2608 de
631 2547 734 2608 eodem
748 2549 851 2627 negari
865 2549 988 2627 possint,
1002 2547 1114 2627 absque
1123 2548 1248 2628 subjecti
1258 2549 1418 2609 eversione.

320 2643 389 2705 Hoc
413 2653 502 2722 pacto
526 2643 635 2704 Anum
657 2643 848 2722 praedicatur
871 2643 909 2704 de
932 2643 1018 2704 Sorte
1041 2644 1090 2704 vel
1111 2645 1149 2704 de
1162 2644 1286 2724 Cygno:
1308 2663 1378 2716 nam
1393 2643 1419 2704 si

319 2740 418 2802 Sortes
443 2740 490 2802 vel
516 2740 638 2820 Cygnus
663 2759 723 2801 uon
747 2739 894 2801 baberent
915 2739 1094 2814 albedinem,
1120 2762 1179 2802 non
1204 2739 1271 2802 ideo
1295 2741 1421 2822 Cygnus

320 2849 445 2898 cessaret
458 2857 519 2898 esse
543 2835 675 2916 Cygnus,
690 2836 737 2898 vel
751 2835 851 2898 Sortes
864 2845 991 2898 oessaret
1004 2857 1065 2898 esse
1078 2837 1176 2899 homo.
1218 2837 1305 2898 Haec
1319 2837 1415 2917 igitur

318 2957 378 2996 non
407 2936 494 2998 modo
522 2935 743 3009 accadentcltter,
771 2935 823 2997 sed
850 2937 942 2997 etiam
970 2939 1165 3016 contiopcatcr
1192 2937 1414 3017 praedicantur,

320 3034 412 3095 Hisce
426 3033 593 3108 intellectis,
608 3033 756 3113 intelliges
770 3033 955 3113 probationis
967 3054 1094 3096 sensum.
1136 3033 1230 3097 Modo
1244 3033 1283 3096 ad
1297 3034 1418 3114 singula

320 3131 534 3212 praedicabilia
549 3131 669 3211 propius
683 3131 869 3192 accedamus.

320 3345 572 3398 uuunettonqua
599 3343 850 3387 Patanlctmta
876 3343 1037 3388 extentis
1073 3345 1256 3388 DEFIMTUR
1290 3343 1332 3386 AC
1361 3345 1421 3386 DE·

773 3441 957 3486 CLARATUR.

359 3617 407 3678 42.
443 3616 595 3694 Quoniam
604 3616 805 3702 praedicabile
813 3629 857 3678 oet
868 3615 1047 3679 Univemale
1058 3617 1207 3698 Retexens
1217 3625 1246 3678 et
1258 3617 1419 3696 lcpicurm

321 3715 364 3793 (u.
376 3713 438 3792 35.)
448 3721 486 3786 et,
497 3713 577 3793 quod
587 3712 757 3793 hujusmodi
768 3724 820 3787 est,
831 3713 1052 3793 metaphystarm
1062 3722 1088 3775 et
1103 3713 1251 3788 directuru,
1262 3724 1418 3794 tamquam

320 3812 366 3874 sui
386 3811 567 3892 principium
588 3831 624 3872 ac
644 3811 883 3884 fundamentum,
898 3813 1056 3892 supponit;
1078 3832 1257 3892 consequens
1270 3822 1324 3886 eet,
1338 3821 1372 3874 ut
1386 3815 1419 3874 in

321 3909 566 3989 praedicabilium
581 3907 761 3982 definitione,
776 3908 873 3988 ipsum
887 3909 1097 3988 praedicabile,
1112 3931 1170 3990 pcto
1185 3911 1242 3970 tole
1254 3919 1307 3984 est,
1316 3909 1419 3970 defiui-

320 4015 398 4082 atur,
412 4027 447 4068 ae
460 4005 549 4066 mmul
564 4011 730 4068 mactetur
742 4005 910 4068 universale
923 4006 1070 4068 directum
1084 4026 1135 4068 scu
1148 4006 1328 4068 elementum
1340 4007 1418 4069 illud

310 4103 493 4182 ¹abjectiorum,
516 4101 595 4181 quod
617 4123 670 4182 per
683 4102 806 4164 modum
827 4105 948 4182 pecata,
968 4104 1079 4183 speciei,
1095 4103 1418 4184 disseratticefflropmssl,

317 4199 471 4260 mittatis
485 4199 674 4278 praedicatur
689 4200 735 4261 vel
751 4201 919 4279 praedicari
935 4213 1038 4279 potest.
1081 4199 1147 4262 Has
1163 4201 1255 4280 igitur
1265 4201 1419 4262 definitio-

321 4315 371 4358 nes
385 4315 493 4375 acarpe.
813 4329 815 4334 ·
