3138 4956
436 430 484 492 Dc
511 431 607 491 Tertio
630 429 737 490 Mam
764 428 946 508 Operatione.
1185 431 1243 490 325

140 627 179 686 ad
195 627 389 686 terminorum
406 625 669 704 apprehensionem
680 633 709 684 et
723 623 963 702 intelligentiam,
975 623 1089 684 clarum
1104 634 1148 684 est
1162 625 1240 684 banc

140 745 203 784 esec
217 724 411 784 necessariam
427 723 465 783 ad
481 723 679 801 cognitionem
701 721 928 800 principiorum,
943 721 1015 800 quia
1028 723 1126 781 omnis
1140 731 1240 782 nostra

141 823 273 901 cognitio
288 841 306 882 a
320 842 404 882 sensu
421 821 543 899 incipit:
567 819 654 896 (haec
668 829 768 878 autem
784 838 844 878 non
858 827 902 878 est
911 821 1033 896 proprie
1046 817 1239 896 experientia.

140 940 226 998 quae,
239 929 272 979 ut
280 939 316 978 ex
327 918 415 978 dictis
426 915 714 994 constat,injudt'cio,
723 935 774 974 seu
783 913 889 974 habitu
900 913 1078 992 judicarim,
1090 913 1238 974 consistit:

140 1017 221 1076 etde
236 1015 292 1074 hac
306 1015 369 1074 sine
383 1013 475 1073 dubio
490 1012 630 1090 loquutus
644 1021 688 1071 est
703 1009 878 1070 Aristoteles
891 1011 916 1069 1.
933 1009 1028 1069 Prior.
1041 1009 1197 1069 3l.-Lib.
1214 1011 1239 1068 2.

140 1134 165 1172 c.
192 1113 307 1172 23.—1.
336 1110 447 1170 Poster.
477 1130 501 1170 c.
529 1110 664 1168 14.-11.
693 1107 765 1168 Post
788 1128 812 1167 c.
841 1107 973 1186 ultimo).
1015 1107 1062 1167 De
1088 1108 1144 1167 hac
1171 1128 1241 1186 ergo

140 1209 297 1288 loquendo,
312 1208 494 1266 distinctione
519 1205 661 1266 utendum
687 1217 738 1264 est
770 1203 924 1282 Principia
948 1204 1025 1263 enim
1057 1224 1115 1264 non
1139 1205 1237 1264 omnia

139 1304 370 1383 suntaequalia

180 1402 303 1463 I.-Est
324 1421 454 1480 namque
468 1399 606 1478 inprimis
620 1419 712 1459 unum
730 1399 776 1458 vel
791 1398 918 1459 alterum
941 1399 1196 1478 generalissimum
1212 1411 1241 1457 et

144 1502 328 1562 notissimum
345 1521 391 1560 sc:
414 1497 590 1575 “Quodlibet
604 1504 644 1556 cot
656 1497 700 1556 vel
718 1517 779 1556 nort
793 1496 1091 1574 cst''-“Impossil>ile
1104 1504 1143 1555 est
1164 1495 1240 1554 idone
1351 1493 1356 1502 '

140 1599 230 1658 simul
248 1619 305 1658 esse
319 1605 344 1656 ct
357 1618 418 1656 uon
431 1596 514 1656 ease.'’
558 1595 600 1655 Et
613 1595 652 1655 ad
674 1595 748 1654 haec
761 1595 965 1674 cognoscenda
985 1595 1068 1654 nullo
1081 1594 1243 1673 requiritur

140 1695 325 1772 ceper-ieritis,
353 1693 404 1752 sed
430 1691 494 1753 sola
518 1693 711 1752 terminorum
738 1692 943 1771 apprehensio,
968 1691 1175 1771 intelligentia,
1190 1712 1238 1752 seu

140 1791 320 1871 explicati03
341 1792 402 1850 imo
416 1789 470 1850 vix
492 1799 616 1869 possunt
630 1788 684 1850 illa
706 1788 852 1867 principia
867 1789 906 1848 ad
922 1788 1076 1866 positivam
1090 1787 1240 1866 experien-

144 1889 217 1949 tiam
240 1887 350 1948 reduci.
392 1886 484 1960 Nam,
499 1888 569 1948 licet
582 1888 620 1948 de
633 1907 821 1966 quocumque
834 1886 980 1971 singulari
996 1887 1139 1965 possimus
1153 1907 1240 1965 expe

141 1985 203 2056 riri,
212 1985 291 2062 quod
306 1985 354 2058 sit,
365 1995 464 2045 tamen
477 1985 557 2064 quod
572 1996 644 2046 tunc
654 2007 713 2045 non
726 1995 827 2046 careat
837 1986 1004 2058 existentia,
1016 2005 1074 2046 non
1087 2005 1239 2064 possumus

141 2082 268 2159 positive
281 2082 410 2160 experiri
432 2081 572 2141 distincto
593 2081 798 2160 experimento
820 2081 859 2142 ab
882 2103 925 2154 eo,
939 2101 999 2160 quo
1023 2083 1142 2142 videtur
1165 2081 1239 2142 illutl

138 2198 208 2250 csse,
223 2177 273 2237 sed
295 2176 360 2238 sola
381 2177 581 2256 intelligentia
595 2177 631 2238 id.
650 2178 821 2257 percipitur,
835 2178 993 2257 explicatis
1016 2179 1157 2238 terminis.
1200 2178 1238 2238 Et

140 2273 196 2332 hoc
211 2273 331 2334 videtur
351 2274 426 2333 adeo
446 2294 500 2351 per
513 2295 542 2334 sc
555 2281 663 2346 uotum,
677 2285 712 2334 ut
733 2275 795 2334 alia
817 2274 993 2352 probatione
1015 2295 1073 2334 non
1099 2275 1238 2354 indigerit.

142 2372 301 2432 Possumus
315 2383 414 2432 tamen
430 2373 468 2432 atl
491 2373 633 2453 majorem
648 2373 879 2451 explicationem
894 2373 1065 2451 exemplum
1080 2373 1238 2434 adhibere:

140 2489 209 2528 nam
224 2469 248 2528 si
264 2469 413 2530 hominem
430 2470 583 2543 rusticum,
597 2469 648 2548 qui
663 2469 701 2530 ob
716 2471 917 2548 ignorantiam
938 2471 1131 2530 terminorum
1148 2473 1237 2530 noscit

139 2567 274 2626 tresentiri
300 2567 361 2627 illis
386 2567 548 2646 principiis,
571 2566 699 2628 velimus
723 2566 863 2626 inducere
887 2566 926 2626 ad
950 2587 1051 2626 corum
1078 2587 1240 2632 assensum,

138 2663 225 2722 nulla
249 2675 327 2724 terte
352 2685 425 2723 noua
448 2665 625 2741 asperiorum
648 2672 774 2736 utemur,
798 2663 849 2722 sed
872 2662 969 2724 solum
991 2662 1168 2723 conabimur
1198 2662 1238 2723 ita

137 2762 279 2822 terminos
299 2762 508 2840 explicarent
530 2761 679 2840 intelligat
702 2781 772 2832 rem,
787 2781 876 2840 quam
892 2760 975 2821 videt
995 2780 1059 2830 esse,
1076 2780 1134 2818 nou
1157 2779 1238 2838 posse

136 2856 277 2917 absolute
291 2879 348 2916 uon
365 2878 428 2917 esse.

181 2952 408 3013 Ile-“Praeter
431 2955 504 3014 haec
526 2954 674 3032 principia
698 2955 860 3026 notissima,
874 2955 911 3014 de
934 2954 1042 3033 quibus
1066 2955 1115 3014 vix
1142 2967 1233 3032 poten

140 3051 190 3124 (ut
213 3049 332 3128 opinor)
359 3069 421 3110 esse
445 3051 654 3124 controversia,
679 3051 751 3130 quin
771 3054 926 3130 propriam
950 3053 1154 3130 esperimuiam
1179 3075 1234 3112 noa

137 3148 297 3225 requirunt,
321 3146 477 3222 scutalia
504 3147 594 3207 etiam
621 3147 710 3208 valde
737 3149 901 3208 necessaria
929 3159 958 3209 et
982 3150 1153 3208 communia
1178 3149 1236 3208 fere

137 3240 275 3300 omnibus
297 3243 436 3314 scientiis,
452 3253 485 3302 ut
511 3263 537 3302 v.
552 3265 579 3321 g.
622 3243 847 3324 “Quoscumque
868 3252 935 3304 mot
959 3243 1057 3304 eudem
1078 3248 1133 3304 uui
1157 3248 1237 3304 tertio

135 3346 203 3396 suut
216 3339 315 3398 cadem
329 3342 406 3398 inter
419 3339 483 3399 ae:”
505 3349 535 3400 et
548 3345 649 3400 “omue
670 3349 757 3400 totum
778 3343 991 3420 estmcjaustm
1008 3343 1131 3420 parad
1153 3354 1183 3403 et
1197 3347 1240 3401 “si

136 3437 173 3494 ab
184 3437 353 3516 aeqrmldms
366 3439 501 3517 septolio
516 3439 621 3510 demna,
633 3460 706 3517 qaue
720 3447 950 3499 rennuentem
964 3441 1099 3520 caprulis
1109 3441 1137 3500 .·’‘
1152 3453 1206 3501 etc.
1215 3490 1234 3501 ..

139 3534 181 3596 Et
195 3535 232 3596 de
246 3535 292 3595 his
307 3536 485 3614 delinquere
499 3548 624 3616 oportet,
639 3537 760 3615 quando
774 3537 879 3597 horum
897 3538 1111 3616 principiorum
1129 3539 1238 3598 notitia

136 3634 304 3712 acquiritur
317 3635 489 3706 investione,
505 3634 552 3694 vel
568 3635 731 3712 disciplina.

175 3729 256 3790 Nam
271 3731 375 3808 a)-in
392 3731 448 3791 hoc
463 3732 618 3809 posteriori
634 3731 723 3792 modo
736 3731 875 3792 existimo
890 3752 947 3792 uon
962 3753 1023 3792 csse
1038 3733 1233 3792 necessariam

135 3829 352 3907 experientiam
363 3829 484 3908 proprie
498 3839 661 3907 sumptam,
673 3830 723 3888 sctl
738 3830 892 3908 supposita
906 3829 969 3902 illa,
980 3851 1057 3909 quae
1071 3831 1110 3889 cd
1125 3831 1239 3892 dictitio

137 3936 194 3986 mm
222 3928 355 3987 rtotitt'cm
379 3928 573 3988 terminorum
596 3929 668 3989 satis
690 3931 736 4000 sit,
751 3939 782 3989 ct
805 3928 963 4008 explicatis
985 3929 1164 3989 sufficienter
1187 3951 1238 4009 per

135 4024 302 4083 doctrinam
330 4025 495 4085 rationibus
518 4025 722 4098 terminorum,
737 4026 848 4104 absque
870 4025 931 4085 alia
945 4025 1138 4104 experientia,
1155 4047 1239 4105 posse

134 4121 320 4182 intellectum
349 4122 485 4182 assentiri
513 4143 567 4182 suo
602 4123 715 4183 lumine
741 4143 809 4183 cum
837 4123 1001 4184 sufficiente
1028 4123 1180 4186 evidentia
1211 4141 1238 4185 et

133 4220 318 4280 certitudine
363 4219 405 4280 Et
425 4220 502 4280 ratio
515 4231 568 4292 est,
582 4219 653 4299 quia
674 4220 757 4291 haec,
771 4239 848 4299 quae
869 4221 1062 4299 requiruntur
1076 4221 1115 4280 ad
1137 4221 1235 4300 hujus-

135 4318 214 4378 modi
237 4337 386 4376 assensum
401 4318 578 4390 evidentem,
592 4318 655 4378 sive
679 4317 717 4377 sit
738 4319 931 4396 experientia,
946 4320 1008 4378 rive
1030 4338 1239 4398 quaecumque
