<?xml version="1.0" encoding="UTF-8"?>
<!DOCTYPE html PUBLIC "-//W3C//DTD XHTML 1.0 Transitional//EN"
    "http://www.w3.org/TR/xhtml1/DTD/xhtml1-transitional.dtd">
<html xmlns="http://www.w3.org/1999/xhtml" xml:lang="en" lang="en">
 <head>
  <title>
</title>
<meta http-equiv="Content-Type" content="text/html;charset=utf-8" />
  <meta name='ocr-system' content='tesseract 3.04.00' />
  <meta name='ocr-capabilities' content='ocr_page ocr_carea ocr_par ocr_line ocrx_word'/>
</head>
<body>
  <div class='ocr_page' id='page_1' title='image "./logicaegenerali00schigoog_0286.png"; bbox 0 0 3118 4956; ppageno 0'>
   <div class='ocr_carea' id='block_1_1' title="bbox 438 401 1238 485">
    <p class='ocr_par' dir='ltr' id='par_1_1' title="bbox 438 401 1238 485">
     <span class='ocr_line' id='line_1_1' title="bbox 438 401 1238 485; baseline -0.005 -19"><span class='ocrx_word' id='word_1_1' title='bbox 438 406 485 466; x_wconf 83' lang='lat' dir='ltr'><strong>De</strong></span> <span class='ocrx_word' id='word_1_2' title='bbox 511 406 606 466; x_wconf 77' lang='lat' dir='ltr'><strong>Tertia</strong></span> <span class='ocrx_word' id='word_1_3' title='bbox 629 406 738 467; x_wconf 76' lang='lat' dir='ltr'><strong>Mentis</strong></span> <span class='ocrx_word' id='word_1_4' title='bbox 763 406 943 485; x_wconf 80' lang='lat' dir='ltr'><strong>Operatimae.</strong></span> <span class='ocrx_word' id='word_1_5' title='bbox 1181 401 1238 463; x_wconf 80' lang='lat'><strong>269</strong></span> 
     </span>
    </p>
   </div>
   <div class='ocr_carea' id='block_1_2' title="bbox 137 599 1239 1068">
    <p class='ocr_par' dir='ltr' id='par_1_2' title="bbox 137 599 1239 1068">
     <span class='ocr_line' id='line_1_2' title="bbox 138 599 1238 681; baseline -0.002 -21"><span class='ocrx_word' id='word_1_6' title='bbox 138 603 282 660; x_wconf 68' lang='lat' dir='ltr'><strong>mentina.</strong></span> <span class='ocrx_word' id='word_1_7' title='bbox 326 601 366 661; x_wconf 82' lang='lat' dir='ltr'><strong>In</strong></span> <span class='ocrx_word' id='word_1_8' title='bbox 388 601 491 661; x_wconf 81' lang='lat' dir='ltr'><strong>ordine</strong></span> <span class='ocrx_word' id='word_1_9' title='bbox 513 601 602 678; x_wconf 78' lang='lat' dir='ltr'><strong>topice</strong></span> <span class='ocrx_word' id='word_1_10' title='bbox 625 621 718 661; x_wconf 93' lang='lat' dir='ltr'><strong>unum</strong></span> <span class='ocrx_word' id='word_1_11' title='bbox 740 601 835 662; x_wconf 91' lang='lat' dir='ltr'><strong>altcro</strong></span> <span class='ocrx_word' id='word_1_12' title='bbox 857 611 902 662; x_wconf 81' lang='lat' dir='ltr'><strong>est</strong></span> <span class='ocrx_word' id='word_1_13' title='bbox 925 601 1015 681; x_wconf 86' lang='lat' dir='ltr'><strong>prius,</strong></span> <span class='ocrx_word' id='word_1_14' title='bbox 1040 599 1161 681; x_wconf 92' lang='lat' dir='ltr'><strong>quando</strong></span> <span class='ocrx_word' id='word_1_15' title='bbox 1183 599 1238 659; x_wconf 91' lang='lat' dir='ltr'><strong>hoc</strong></span> 
     </span>
     <span class='ocr_line' id='line_1_3' title="bbox 138 696 1238 784; baseline -0.001 -28"><span class='ocrx_word' id='word_1_16' title='bbox 138 697 302 756; x_wconf 84' lang='lat' dir='ltr'><strong>secundum</strong></span> <span class='ocrx_word' id='word_1_17' title='bbox 327 718 385 784; x_wconf 71' lang='lat' dir='ltr'><strong>non</strong></span> <span class='ocrx_word' id='word_1_18' title='bbox 409 698 606 776; x_wconf 78' lang='lat' dir='ltr'><strong>cognoscitur,</strong></span> <span class='ocrx_word' id='word_1_19' title='bbox 622 698 676 757; x_wconf 90' lang='lat' dir='ltr'><strong>nisi</strong></span> <span class='ocrx_word' id='word_1_20' title='bbox 692 697 745 758; x_wconf 94' lang='lat' dir='ltr'><strong>illo</strong></span> <span class='ocrx_word' id='word_1_21' title='bbox 770 699 860 777; x_wconf 87' lang='lat' dir='ltr'><strong>priori</strong></span> <span class='ocrx_word' id='word_1_22' title='bbox 886 697 1047 770; x_wconf 90' lang='lat' dir='ltr'><strong>intellecto,</strong></span> <span class='ocrx_word' id='word_1_23' title='bbox 1061 707 1091 758; x_wconf 93' lang='lat' dir='ltr'><strong>et</strong></span> <span class='ocrx_word' id='word_1_24' title='bbox 1105 696 1161 757; x_wconf 89' lang='lat' dir='ltr'><strong>sub</strong></span> <span class='ocrx_word' id='word_1_25' title='bbox 1183 696 1238 756; x_wconf 95' lang='lat' dir='ltr'><strong>hoc</strong></span> 
     </span>
     <span class='ocr_line' id='line_1_4' title="bbox 139 794 1239 874; baseline 0 -22"><span class='ocrx_word' id='word_1_26' title='bbox 139 803 273 872; x_wconf 84' lang='lat' dir='ltr'><strong>respectu</strong></span> <span class='ocrx_word' id='word_1_27' title='bbox 288 795 475 871; x_wconf 80' lang='lat' dir='ltr'><strong>praemissae,</strong></span> <span class='ocrx_word' id='word_1_28' title='bbox 488 804 589 873; x_wconf 83' lang='lat' dir='ltr'><strong>utpote</strong></span> <span class='ocrx_word' id='word_1_29' title='bbox 604 795 761 873; x_wconf 88' lang='lat' dir='ltr'><strong>principia,</strong></span> <span class='ocrx_word' id='word_1_30' title='bbox 771 795 802 856; x_wconf 90' lang='lat' dir='ltr'><strong>vi</strong></span> <span class='ocrx_word' id='word_1_31' title='bbox 816 815 943 874; x_wconf 90' lang='lat' dir='ltr'><strong>quorum</strong></span> <span class='ocrx_word' id='word_1_32' title='bbox 959 794 1109 854; x_wconf 82' lang='lat' dir='ltr'><strong>conclusio</strong></span> <span class='ocrx_word' id='word_1_33' title='bbox 1120 813 1239 872; x_wconf 81' lang='lat' dir='ltr'><strong>oognos</strong></span> 
     </span>
     <span class='ocr_line' id='line_1_5' title="bbox 138 891 1239 970; baseline 0.001 -21"><span class='ocrx_word' id='word_1_34' title='bbox 138 891 225 962; x_wconf 87' lang='lat' dir='ltr'><strong>oitur,</strong></span> <span class='ocrx_word' id='word_1_35' title='bbox 240 911 355 970; x_wconf 88' lang='lat' dir='ltr'><strong>semper</strong></span> <span class='ocrx_word' id='word_1_36' title='bbox 368 911 403 950; x_wconf 89' lang='lat' dir='ltr'><strong>ea</strong></span> <span class='ocrx_word' id='word_1_37' title='bbox 414 895 528 968; x_wconf 77' lang='lat' dir='ltr'><strong>priores</strong></span> <span class='ocrx_word' id='word_1_38' title='bbox 540 903 611 951; x_wconf 86' lang='lat' dir='ltr'><strong>sunt</strong></span> <span class='ocrx_word' id='word_1_39' title='bbox 624 901 654 952; x_wconf 88' lang='lat' dir='ltr'><strong>et</strong></span> <span class='ocrx_word' id='word_1_40' title='bbox 667 895 790 952; x_wconf 80' lang='lat' dir='ltr'><strong>notiores</strong></span> <span class='ocrx_word' id='word_1_41' title='bbox 806 895 848 969; x_wconf 93' lang='lat' dir='ltr'><strong>(n.</strong></span> <span class='ocrx_word' id='word_1_42' title='bbox 864 892 1038 969; x_wconf 68' lang='lat' dir='ltr'><strong>mot-ln</strong></span> <span class='ocrx_word' id='word_1_43' title='bbox 1051 891 1155 951; x_wconf 79' lang='lat' dir='ltr'><strong>ordine</strong></span> <span class='ocrx_word' id='word_1_44' title='bbox 1169 909 1239 952; x_wconf 87' lang='lat' dir='ltr'><strong>vero</strong></span> 
     </span>
     <span class='ocr_line' id='line_1_6' title="bbox 137 977 1239 1068; baseline -0.001 -21"><span class='ocrx_word' id='word_1_45' title='bbox 137 989 294 1066; x_wconf 80' lang='lat' dir='ltr'><strong>ontolopc&#39;co</strong></span> <span class='ocrx_word' id='word_1_46' title='bbox 318 1008 411 1048; x_wconf 92' lang='lat' dir='ltr'><strong>unurn</strong></span> <span class='ocrx_word' id='word_1_47' title='bbox 437 989 532 1049; x_wconf 89' lang='lat' dir='ltr'><strong>altero</strong></span> <span class='ocrx_word' id='word_1_48' title='bbox 557 977 639 1068; x_wconf 87' lang='lat' dir='ltr'><strong>prius</strong></span> <span class='ocrx_word' id='word_1_49' title='bbox 663 988 782 1062; x_wconf 91' lang='lat' dir='ltr'><strong>dicitur,</strong></span> <span class='ocrx_word' id='word_1_50' title='bbox 803 989 925 1068; x_wconf 91' lang='lat' dir='ltr'><strong>quando</strong></span> <span class='ocrx_word' id='word_1_51' title='bbox 949 990 1006 1049; x_wconf 91' lang='lat' dir='ltr'><strong>hoc</strong></span> <span class='ocrx_word' id='word_1_52' title='bbox 1029 989 1190 1049; x_wconf 88' lang='lat' dir='ltr'><strong>seeundum</strong></span> <span class='ocrx_word' id='word_1_53' title='bbox 1210 1008 1239 1058; x_wconf 70' lang='lat' dir='ltr'><strong>,a</strong></span> 
     </span>
    </p>
   </div>
   <div class='ocr_carea' id='block_1_3' title="bbox 135 1084 1252 2520">
    <p class='ocr_par' dir='ltr' id='par_1_3' title="bbox 136 1084 1252 1554">
     <span class='ocr_line' id='line_1_7' title="bbox 139 1084 1237 1163; baseline 0.001 -21"><span class='ocrx_word' id='word_1_54' title='bbox 139 1084 232 1162; x_wconf 83' lang='lat' dir='ltr'><strong>priori</strong></span> <span class='ocrx_word' id='word_1_55' title='bbox 253 1085 409 1163; x_wconf 85' lang='lat' dir='ltr'>dependet,</span> <span class='ocrx_word' id='word_1_56' title='bbox 425 1084 472 1144; x_wconf 89' lang='lat' dir='ltr'><strong>vel</strong></span> <span class='ocrx_word' id='word_1_57' title='bbox 493 1088 527 1144; x_wconf 81' lang='lat' dir='ltr'><strong>in</strong></span> <span class='ocrx_word' id='word_1_58' title='bbox 548 1085 673 1157; x_wconf 76' lang='lat' dir='ltr'><strong>emendo,</strong></span> <span class='ocrx_word' id='word_1_59' title='bbox 687 1084 735 1146; x_wconf 84' lang='lat' dir='ltr'><strong>vel</strong></span> <span class='ocrx_word' id='word_1_60' title='bbox 755 1086 789 1145; x_wconf 79' lang='lat' dir='ltr'><strong>in</strong></span> <span class='ocrx_word' id='word_1_61' title='bbox 810 1085 972 1155; x_wconf 47' lang='lat' dir='ltr'><strong>attend&amp;</strong></span> <span class='ocrx_word' id='word_1_62' title='bbox 992 1085 1034 1145; x_wconf 90' lang='lat' dir='ltr'><strong>sic</strong></span> <span class='ocrx_word' id='word_1_63' title='bbox 1050 1105 1077 1144; x_wconf 90' lang='lat' dir='ltr'><strong>v.</strong></span> <span class='ocrx_word' id='word_1_64' title='bbox 1092 1105 1120 1162; x_wconf 88' lang='lat' dir='ltr'><strong>g.</strong></span> <span class='ocrx_word' id='word_1_65' title='bbox 1149 1104 1237 1144; x_wconf 87' lang='lat' dir='ltr'><strong>causa</strong></span> 
     </span>
     <span class='ocr_line' id='line_1_8' title="bbox 137 1180 1252 1278; baseline -0.001 -38"><span class='ocrx_word' id='word_1_66' title='bbox 137 1181 266 1242; x_wconf 88' lang='lat' dir='ltr'><strong>efficiens</strong></span> <span class='ocrx_word' id='word_1_67' title='bbox 282 1183 362 1260; x_wconf 92' lang='lat' dir='ltr'><strong>prior</strong></span> <span class='ocrx_word' id='word_1_68' title='bbox 376 1193 419 1242; x_wconf 88' lang='lat' dir='ltr'><strong>est</strong></span> <span class='ocrx_word' id='word_1_69' title='bbox 432 1203 485 1242; x_wconf 87' lang='lat' dir='ltr'><strong>suo</strong></span> <span class='ocrx_word' id='word_1_70' title='bbox 499 1183 602 1243; x_wconf 83' lang='lat' dir='ltr'><strong>effectu</strong></span> <span class='ocrx_word' id='word_1_71' title='bbox 616 1183 651 1242; x_wconf 80' lang='lat' dir='ltr'><strong>io</strong></span> <span class='ocrx_word' id='word_1_72' title='bbox 665 1181 817 1255; x_wconf 57' lang='lat' dir='ltr'><strong>mendo,</strong></span> <span class='ocrx_word' id='word_1_73' title='bbox 832 1182 903 1242; x_wconf 90' lang='lat' dir='ltr'><strong>item</strong></span> <span class='ocrx_word' id='word_1_74' title='bbox 917 1181 1086 1242; x_wconf 88' lang='lat' dir='ltr'><strong>substantia</strong></span> <span class='ocrx_word' id='word_1_75' title='bbox 1101 1180 1181 1260; x_wconf 87' lang='lat' dir='ltr'><strong>prior</strong></span> <span class='ocrx_word' id='word_1_76' title='bbox 1195 1191 1252 1278; x_wconf 49' lang='grc' dir='ltr'><strong>εει,</strong></span> 
     </span>
     <span class='ocr_line' id='line_1_9' title="bbox 136 1277 1238 1359; baseline -0.002 -21"><span class='ocrx_word' id='word_1_77' title='bbox 136 1279 307 1352; x_wconf 89' lang='lat' dir='ltr'><strong>accidente;</strong></span> <span class='ocrx_word' id='word_1_78' title='bbox 322 1289 351 1340; x_wconf 89' lang='lat' dir='ltr'><strong>et</strong></span> <span class='ocrx_word' id='word_1_79' title='bbox 365 1281 492 1339; x_wconf 88' lang='lat' dir='ltr'><strong>essentia</strong></span> <span class='ocrx_word' id='word_1_80' title='bbox 506 1280 587 1359; x_wconf 87' lang='lat' dir='ltr'><strong>prior</strong></span> <span class='ocrx_word' id='word_1_81' title='bbox 597 1288 641 1340; x_wconf 85' lang='lat' dir='ltr'><strong>est</strong></span> <span class='ocrx_word' id='word_1_82' title='bbox 654 1280 714 1340; x_wconf 89' lang='lat' dir='ltr'><strong>suis</strong></span> <span class='ocrx_word' id='word_1_83' title='bbox 729 1279 961 1358; x_wconf 89' lang='lat' dir='ltr'><strong>proprietatibus</strong></span> <span class='ocrx_word' id='word_1_84' title='bbox 970 1281 1004 1338; x_wconf 83' lang='lat' dir='ltr'><strong>ia</strong></span> <span class='ocrx_word' id='word_1_85' title='bbox 1019 1277 1133 1338; x_wconf 70' lang='lat' dir='ltr'><strong>macodo</strong></span> <span class='ocrx_word' id='word_1_86' title='bbox 1145 1299 1153 1349; x_wconf 92' lang='lat'>;</span> <span class='ocrx_word' id='word_1_87' title='bbox 1167 1297 1238 1336; x_wconf 89' lang='lat' dir='ltr'><strong>nam</strong></span> 
     </span>
     <span class='ocr_line' id='line_1_10' title="bbox 138 1375 1237 1452; baseline -0.003 -16"><span class='ocrx_word' id='word_1_88' title='bbox 138 1377 257 1436; x_wconf 90' lang='lat' dir='ltr'><strong>tametsi</strong></span> <span class='ocrx_word' id='word_1_89' title='bbox 271 1377 329 1437; x_wconf 88' lang='lat' dir='ltr'><strong>hae</strong></span> <span class='ocrx_word' id='word_1_90' title='bbox 341 1376 430 1438; x_wconf 86' lang='lat' dir='ltr'><strong>simul</strong></span> <span class='ocrx_word' id='word_1_91' title='bbox 446 1376 612 1436; x_wconf 80' lang='lat' dir='ltr'><strong>coexistunt</strong></span> <span class='ocrx_word' id='word_1_92' title='bbox 626 1397 694 1436; x_wconf 92' lang='lat' dir='ltr'><strong>cum</strong></span> <span class='ocrx_word' id='word_1_93' title='bbox 709 1377 843 1446; x_wconf 86' lang='lat' dir='ltr'><strong>essentia,</strong></span> <span class='ocrx_word' id='word_1_94' title='bbox 855 1375 894 1436; x_wconf 88' lang='lat' dir='ltr'><strong>ab</strong></span> <span class='ocrx_word' id='word_1_95' title='bbox 908 1395 944 1435; x_wconf 92' lang='lat' dir='ltr'><strong>ea</strong></span> <span class='ocrx_word' id='word_1_96' title='bbox 957 1383 1068 1447; x_wconf 89' lang='lat' dir='ltr'><strong>tamen,</strong></span> <span class='ocrx_word' id='word_1_97' title='bbox 1083 1384 1237 1452; x_wconf 84' lang='lat' dir='ltr'><strong>tamqnam</strong></span> 
     </span>
     <span class='ocr_line' id='line_1_11' title="bbox 136 1473 677 1554; baseline 0.002 -21"><span class='ocrx_word' id='word_1_98' title='bbox 136 1495 158 1533; x_wconf 95' lang='lat' dir='ltr'><strong>a</strong></span> <span class='ocrx_word' id='word_1_99' title='bbox 171 1474 280 1547; x_wconf 90' lang='lat' dir='ltr'><strong>radice,</strong></span> <span class='ocrx_word' id='word_1_100' title='bbox 294 1473 448 1554; x_wconf 87' lang='lat' dir='ltr'><strong>profluunt</strong></span> <span class='ocrx_word' id='word_1_101' title='bbox 462 1484 492 1535; x_wconf 88' lang='lat' dir='ltr'><strong>et</strong></span> <span class='ocrx_word' id='word_1_102' title='bbox 512 1475 677 1535; x_wconf 79' lang='lat' dir='ltr'><strong>dimanant.</strong></span> 
     </span>
    </p>

    <p class='ocr_par' dir='ltr' id='par_1_4' title="bbox 135 1568 1240 2326">
     <span class='ocr_line' id='line_1_12' title="bbox 179 1568 1239 1652; baseline -0.002 -22"><span class='ocrx_word' id='word_1_103' title='bbox 179 1570 248 1649; x_wconf 85' lang='lat' dir='ltr'><strong>Age</strong></span> <span class='ocrx_word' id='word_1_104' title='bbox 257 1568 396 1652; x_wconf 68' lang='lat' dir='ltr'><strong>jam,:etsi</strong></span> <span class='ocrx_word' id='word_1_105' title='bbox 406 1571 516 1632; x_wconf 87' lang='lat' dir='ltr'><strong>veritas</strong></span> <span class='ocrx_word' id='word_1_106' title='bbox 527 1572 765 1650; x_wconf 88' lang='lat' dir='ltr'><strong>praemissarum,</strong></span> <span class='ocrx_word' id='word_1_107' title='bbox 776 1571 885 1650; x_wconf 83' lang='lat' dir='ltr'><strong>quibus</strong></span> <span class='ocrx_word' id='word_1_108' title='bbox 899 1569 1120 1630; x_wconf 86' lang='lat' dir='ltr'><strong>Demonstratio</strong></span> <span class='ocrx_word' id='word_1_109' title='bbox 1131 1568 1239 1629; x_wconf 82' lang='lat' dir='ltr'><strong>directo</strong></span> 
     </span>
     <span class='ocr_line' id='line_1_13' title="bbox 138 1665 1238 1746; baseline -0.003 -21"><span class='ocrx_word' id='word_1_110' title='bbox 138 1667 244 1739; x_wconf 88' lang='lat' dir='ltr'><strong>utitur,</strong></span> <span class='ocrx_word' id='word_1_111' title='bbox 258 1667 297 1726; x_wconf 91' lang='lat' dir='ltr'><strong>sit</strong></span> <span class='ocrx_word' id='word_1_112' title='bbox 310 1687 427 1746; x_wconf 79' lang='lat' dir='ltr'>semper</span> <span class='ocrx_word' id='word_1_113' title='bbox 447 1667 529 1746; x_wconf 90' lang='lat' dir='ltr'><strong>prior</strong></span> <span class='ocrx_word' id='word_1_114' title='bbox 542 1669 575 1726; x_wconf 82' lang='lat' dir='ltr'><strong>in</strong></span> <span class='ocrx_word' id='word_1_115' title='bbox 590 1666 693 1727; x_wconf 79' lang='lat' dir='ltr'><strong>ordine</strong></span> <span class='ocrx_word' id='word_1_116' title='bbox 713 1668 802 1745; x_wconf 73' lang='lat' dir='ltr'><strong>topice</strong></span> <span class='ocrx_word' id='word_1_117' title='bbox 817 1667 943 1728; x_wconf 87' lang='lat' dir='ltr'><strong>veritate</strong></span> <span class='ocrx_word' id='word_1_118' title='bbox 957 1665 1164 1737; x_wconf 77' lang='lat' dir='ltr'><strong>conclusionis,</strong></span> <span class='ocrx_word' id='word_1_119' title='bbox 1179 1684 1238 1724; x_wconf 91' lang='lat' dir='ltr'><strong>non</strong></span> 
     </span>
     <span class='ocr_line' id='line_1_14' title="bbox 138 1762 1239 1844; baseline -0.001 -21"><span class='ocrx_word' id='word_1_120' title='bbox 138 1773 237 1823; x_wconf 90' lang='lat' dir='ltr'><strong>tamen</strong></span> <span class='ocrx_word' id='word_1_121' title='bbox 259 1785 375 1843; x_wconf 82' lang='lat' dir='ltr'>semper</span> <span class='ocrx_word' id='word_1_122' title='bbox 389 1765 499 1824; x_wconf 87' lang='lat' dir='ltr'><strong>veritas</strong></span> <span class='ocrx_word' id='word_1_123' title='bbox 520 1765 677 1843; x_wconf 69' lang='lat' dir='ltr'><strong>mtompico</strong></span> <span class='ocrx_word' id='word_1_124' title='bbox 700 1765 929 1844; x_wconf 86' lang='lat' dir='ltr'><strong>praemissarum</strong></span> <span class='ocrx_word' id='word_1_125' title='bbox 944 1775 988 1825; x_wconf 89' lang='lat' dir='ltr'><strong>est</strong></span> <span class='ocrx_word' id='word_1_126' title='bbox 1008 1764 1091 1842; x_wconf 90' lang='lat' dir='ltr'><strong>prior</strong></span> <span class='ocrx_word' id='word_1_127' title='bbox 1112 1762 1239 1822; x_wconf 88' lang='lat' dir='ltr'><strong>veritate</strong></span> 
     </span>
     <span class='ocr_line' id='line_1_15' title="bbox 136 1860 1239 1940; baseline 0.001 -22"><span class='ocrx_word' id='word_1_128' title='bbox 136 1860 296 1938; x_wconf 73' lang='lat' dir='ltr'><strong>octotopico</strong></span> <span class='ocrx_word' id='word_1_129' title='bbox 310 1860 515 1920; x_wconf 80' lang='lat' dir='ltr'><strong>conclusionis.</strong></span> <span class='ocrx_word' id='word_1_130' title='bbox 557 1861 606 1921; x_wconf 85' lang='lat' dir='ltr'><strong>Sic</strong></span> <span class='ocrx_word' id='word_1_131' title='bbox 620 1881 648 1921; x_wconf 89' lang='lat' dir='ltr'><strong>v.</strong></span> <span class='ocrx_word' id='word_1_132' title='bbox 663 1883 691 1940; x_wconf 87' lang='lat' dir='ltr'><strong>g.</strong></span> <span class='ocrx_word' id='word_1_133' title='bbox 706 1881 774 1922; x_wconf 89' lang='lat' dir='ltr'><strong>cum</strong></span> <span class='ocrx_word' id='word_1_134' title='bbox 788 1881 827 1920; x_wconf 84' lang='lat' dir='ltr'><strong>ex</strong></span> <span class='ocrx_word' id='word_1_135' title='bbox 841 1860 1000 1922; x_wconf 86' lang='lat' dir='ltr'><strong>existentia</strong></span> <span class='ocrx_word' id='word_1_136' title='bbox 1014 1879 1112 1919; x_wconf 85' lang='lat' dir='ltr'><strong>rerum</strong></span> <span class='ocrx_word' id='word_1_137' title='bbox 1128 1867 1239 1919; x_wconf 87' lang='lat' dir='ltr'><strong>creata-</strong></span> 
     </span>
     <span class='ocr_line' id='line_1_16' title="bbox 138 1955 1240 2030; baseline -0.001 -15"><span class='ocrx_word' id='word_1_138' title='bbox 138 1976 204 2015; x_wconf 91' lang='lat' dir='ltr'><strong>rum</strong></span> <span class='ocrx_word' id='word_1_139' title='bbox 215 1957 403 2018; x_wconf 81' lang='lat' dir='ltr'><strong>existentiam</strong></span> <span class='ocrx_word' id='word_1_140' title='bbox 419 1957 678 2030; x_wconf 84' lang='lat' dir='ltr'><strong>Creatorisinfero,</strong></span> <span class='ocrx_word' id='word_1_141' title='bbox 690 1957 808 2018; x_wconf 89' lang='lat' dir='ltr'><strong>tametsi</strong></span> <span class='ocrx_word' id='word_1_142' title='bbox 817 1957 976 2017; x_wconf 78' lang='lat' dir='ltr'><strong>existentia</strong></span> <span class='ocrx_word' id='word_1_143' title='bbox 984 1965 1189 2017; x_wconf 77' lang='lat' dir='ltr'><strong>creaturarum</strong></span> <span class='ocrx_word' id='word_1_144' title='bbox 1200 1955 1240 2014; x_wconf 88' lang='lat' dir='ltr'><strong>sit</strong></span> 
     </span>
     <span class='ocr_line' id='line_1_17' title="bbox 137 2051 1239 2133; baseline -0.001 -23"><span class='ocrx_word' id='word_1_145' title='bbox 137 2051 219 2131; x_wconf 91' lang='lat' dir='ltr'><strong>prior</strong></span> <span class='ocrx_word' id='word_1_146' title='bbox 228 2055 260 2112; x_wconf 80' lang='lat' dir='ltr'><strong>ta</strong></span> <span class='ocrx_word' id='word_1_147' title='bbox 268 2053 371 2112; x_wconf 75' lang='lat' dir='ltr'><strong>ordine</strong></span> <span class='ocrx_word' id='word_1_148' title='bbox 380 2054 469 2132; x_wconf 78' lang='lat' dir='ltr'><strong>lupico</strong></span> <span class='ocrx_word' id='word_1_149' title='bbox 478 2063 508 2114; x_wconf 90' lang='lat' dir='ltr'><strong>et</strong></span> <span class='ocrx_word' id='word_1_150' title='bbox 522 2051 618 2133; x_wconf 82' lang='lat' dir='ltr'><strong>quood</strong></span> <span class='ocrx_word' id='word_1_151' title='bbox 630 2075 691 2125; x_wconf 82' lang='lat' dir='ltr'><strong>nos,</strong></span> <span class='ocrx_word' id='word_1_152' title='bbox 705 2054 865 2114; x_wconf 82' lang='lat' dir='ltr'><strong>existentia</strong></span> <span class='ocrx_word' id='word_1_153' title='bbox 878 2063 977 2114; x_wconf 85' lang='lat' dir='ltr'><strong>tamen</strong></span> <span class='ocrx_word' id='word_1_154' title='bbox 993 2051 1142 2113; x_wconf 83' lang='lat' dir='ltr'><strong>Creatoris</strong></span> <span class='ocrx_word' id='word_1_155' title='bbox 1157 2051 1239 2131; x_wconf 93' lang='lat' dir='ltr'><strong>prior</strong></span> 
     </span>
     <span class='ocr_line' id='line_1_18' title="bbox 135 2147 1239 2231; baseline -0.001 -22"><span class='ocrx_word' id='word_1_156' title='bbox 135 2159 180 2210; x_wconf 86' lang='lat' dir='ltr'><strong>est</strong></span> <span class='ocrx_word' id='word_1_157' title='bbox 194 2151 227 2209; x_wconf 82' lang='lat' dir='ltr'><strong>ia</strong></span> <span class='ocrx_word' id='word_1_158' title='bbox 241 2149 343 2210; x_wconf 82' lang='lat' dir='ltr'><strong>ordine</strong></span> <span class='ocrx_word' id='word_1_159' title='bbox 357 2151 515 2230; x_wconf 77' lang='lat' dir='ltr'><strong>oretoloqr&#39;co</strong></span> <span class='ocrx_word' id='word_1_160' title='bbox 526 2163 556 2210; x_wconf 90' lang='lat' dir='ltr'><strong>et</strong></span> <span class='ocrx_word' id='word_1_161' title='bbox 567 2151 663 2231; x_wconf 76' lang='lat' dir='ltr'><strong>qeeocd</strong></span> <span class='ocrx_word' id='word_1_162' title='bbox 676 2171 712 2210; x_wconf 84' lang='lat' dir='ltr'><strong>ac.</strong></span> <span class='ocrx_word' id='word_1_163' title='bbox 745 2149 877 2223; x_wconf 85' lang='lat' dir='ltr'><strong>Exinde,</strong></span> <span class='ocrx_word' id='word_1_164' title='bbox 889 2149 961 2229; x_wconf 90' lang='lat' dir='ltr'><strong>quid</strong></span> <span class='ocrx_word' id='word_1_165' title='bbox 975 2149 1096 2210; x_wconf 89' lang='lat' dir='ltr'><strong>nomine</strong></span> <span class='ocrx_word' id='word_1_166' title='bbox 1110 2147 1239 2209; x_wconf 90' lang='lat' dir='ltr'><strong>Demon-</strong></span> 
     </span>
     <span class='ocr_line' id='line_1_19' title="bbox 136 2243 964 2326; baseline 0.002 -22"><span class='ocrx_word' id='word_1_167' title='bbox 136 2243 288 2308; x_wconf 79' lang='lat' dir='ltr'><strong>strationis</strong></span> <span class='ocrx_word' id='word_1_168' title='bbox 303 2269 322 2306; x_wconf 88' lang='lat' dir='ltr'><strong>c</strong></span> <span class='ocrx_word' id='word_1_169' title='bbox 331 2249 430 2326; x_wconf 65' lang='lat' dir='ltr'><strong>priori</strong></span> <span class='ocrx_word' id='word_1_170' title='bbox 443 2258 472 2308; x_wconf 88' lang='lat' dir='ltr'><strong>et</strong></span> <span class='ocrx_word' id='word_1_171' title='bbox 486 2269 505 2306; x_wconf 88' lang='lat' dir='ltr'><strong>a</strong></span> <span class='ocrx_word' id='word_1_172' title='bbox 513 2249 669 2325; x_wconf 69' lang='lat' dir='ltr'><strong>poster-tort</strong></span> <span class='ocrx_word' id='word_1_173' title='bbox 683 2247 793 2320; x_wconf 90' lang='lat' dir='ltr'><strong>veniat,</strong></span> <span class='ocrx_word' id='word_1_174' title='bbox 808 2246 964 2326; x_wconf 86' lang='lat' dir='ltr'><strong>intelliges.</strong></span> 
     </span>
    </p>

    <p class='ocr_par' dir='ltr' id='par_1_5' title="bbox 137 2343 1239 2520">
     <span class='ocr_line' id='line_1_20' title="bbox 178 2343 1239 2424; baseline -0.002 -21"><span class='ocrx_word' id='word_1_175' title='bbox 178 2343 245 2403; x_wconf 81' lang='lat'>308.</span> <span class='ocrx_word' id='word_1_176' title='bbox 288 2343 404 2424; x_wconf 88' lang='lat' dir='ltr'><strong>Itaque,</strong></span> <span class='ocrx_word' id='word_1_177' title='bbox 427 2344 651 2405; x_wconf 88' lang='lat' dir='ltr'><strong>Demonstratio</strong></span> <span class='ocrx_word' id='word_1_178' title='bbox 675 2367 694 2404; x_wconf 89' lang='lat' dir='ltr'><strong>o</strong></span> <span class='ocrx_word' id='word_1_179' title='bbox 718 2345 816 2422; x_wconf 75' lang='lat' dir='ltr'><strong>priori</strong></span> <span class='ocrx_word' id='word_1_180' title='bbox 836 2344 975 2416; x_wconf 87' lang='lat' dir='ltr'><strong>habetur,</strong></span> <span class='ocrx_word' id='word_1_181' title='bbox 997 2344 1239 2422; x_wconf 74' lang='lat' dir='ltr'><strong>quotioecumquc</strong></span> 
     </span>
     <span class='ocr_line' id='line_1_21' title="bbox 137 2439 1239 2520; baseline -0.002 -21"><span class='ocrx_word' id='word_1_182' title='bbox 137 2443 242 2500; x_wconf 64' lang='lat' dir='ltr'><strong>ver‘itos</strong></span> <span class='ocrx_word' id='word_1_183' title='bbox 256 2441 415 2520; x_wconf 73' lang='lat' dir='ltr'><strong>onwlopr&#39;eo</strong></span> <span class='ocrx_word' id='word_1_184' title='bbox 435 2441 631 2501; x_wconf 89' lang='lat' dir='ltr'><strong>conclusionis</strong></span> <span class='ocrx_word' id='word_1_185' title='bbox 652 2440 800 2520; x_wconf 88' lang='lat' dir='ltr'><strong>dependet</strong></span> <span class='ocrx_word' id='word_1_186' title='bbox 813 2462 832 2500; x_wconf 86' lang='grc' dir='ltr'><em>α</em></span> <span class='ocrx_word' id='word_1_187' title='bbox 845 2441 963 2500; x_wconf 80' lang='lat' dir='ltr'><strong>veritate</strong></span> <span class='ocrx_word' id='word_1_188' title='bbox 983 2439 1143 2517; x_wconf 65' lang='lat' dir='ltr'><strong>canopica</strong></span> <span class='ocrx_word' id='word_1_189' title='bbox 1157 2457 1239 2516; x_wconf 84' lang='lat' dir='ltr'><strong>prae·</strong></span> 
     </span>
    </p>
   </div>
   <div class='ocr_carea' id='block_1_4' title="bbox 136 2535 1350 2616">
    <p class='ocr_par' dir='ltr' id='par_1_6' title="bbox 136 2535 1350 2616">
     <span class='ocr_line' id='line_1_22' title="bbox 136 2535 1350 2616; baseline -0.002 -18"><span class='ocrx_word' id='word_1_190' title='bbox 136 2537 569 2599; x_wconf 78' lang='lat' dir='ltr'><strong>missarum-Demonstratio</strong></span> <span class='ocrx_word' id='word_1_191' title='bbox 596 2547 697 2598; x_wconf 88' lang='lat' dir='ltr'><strong>autern</strong></span> <span class='ocrx_word' id='word_1_192' title='bbox 720 2560 739 2597; x_wconf 83' lang='lat' dir='ltr'><strong>o</strong></span> <span class='ocrx_word' id='word_1_193' title='bbox 761 2537 916 2616; x_wconf 73' lang='lat' dir='ltr'><strong>posteriori</strong></span> <span class='ocrx_word' id='word_1_194' title='bbox 937 2535 1066 2597; x_wconf 89' lang='lat' dir='ltr'><strong>habetur</strong></span> <span class='ocrx_word' id='word_1_195' title='bbox 1087 2544 1238 2608; x_wconf 89' lang='lat' dir='ltr'><strong>econtra,</strong></span> <span class='ocrx_word' id='word_1_196' title='bbox 1348 2553 1350 2558; x_wconf 52' lang='lat'><strong>¹</strong></span> 
     </span>
    </p>
   </div>
   <div class='ocr_carea' id='block_1_5' title="bbox 119 2634 1245 4362">
    <p class='ocr_par' dir='ltr' id='par_1_7' title="bbox 119 2634 1245 4362">
     <span class='ocr_line' id='line_1_23' title="bbox 119 2634 1238 2715; baseline -0.002 -21"><span class='ocrx_word' id='word_1_197' title='bbox 119 2635 258 2714; x_wconf 89' lang='lat' dir='ltr'><strong>&#39;quaudo</strong></span> <span class='ocrx_word' id='word_1_198' title='bbox 271 2637 376 2695; x_wconf 78' lang='lat' dir='ltr'><strong>veritos</strong></span> <span class='ocrx_word' id='word_1_199' title='bbox 396 2636 555 2714; x_wconf 69' lang='lat' dir='ltr'><strong>muotoqtca</strong></span> <span class='ocrx_word' id='word_1_200' title='bbox 576 2636 806 2715; x_wconf 78' lang='lat' dir='ltr'><strong>praemissarum</strong></span> <span class='ocrx_word' id='word_1_201' title='bbox 821 2656 841 2694; x_wconf 84' lang='lat' dir='ltr'><strong>a</strong></span> <span class='ocrx_word' id='word_1_202' title='bbox 853 2635 971 2695; x_wconf 59' lang='lat' dir='ltr'><strong>vertute</strong></span> <span class='ocrx_word' id='word_1_203' title='bbox 992 2634 1150 2713; x_wconf 69' lang='lat' dir='ltr'><strong>onwhpt&#39;oa</strong></span> <span class='ocrx_word' id='word_1_204' title='bbox 1172 2653 1238 2693; x_wconf 91' lang='lat' dir='ltr'><strong>cou-</strong></span> 
     </span>
     <span class='ocr_line' id='line_1_24' title="bbox 136 2731 963 2812; baseline -0.001 -20"><span class='ocrx_word' id='word_1_205' title='bbox 136 2731 276 2792; x_wconf 88' lang='lat' dir='ltr'><strong>clusionis</strong></span> <span class='ocrx_word' id='word_1_206' title='bbox 290 2732 444 2812; x_wconf 80' lang='lat' dir='ltr'><strong>dependet</strong></span> <span class='ocrx_word' id='word_1_207' title='bbox 485 2732 535 2794; x_wconf 77' lang='lat' dir='ltr'><strong>sio</strong></span> <span class='ocrx_word' id='word_1_208' title='bbox 550 2753 577 2794; x_wconf 84' lang='lat' dir='ltr'><strong>v.</strong></span> <span class='ocrx_word' id='word_1_209' title='bbox 592 2754 620 2812; x_wconf 86' lang='lat' dir='ltr'><strong>g.</strong></span> <span class='ocrx_word' id='word_1_210' title='bbox 635 2733 709 2793; x_wconf 88' lang='lat' dir='ltr'><strong>haec</strong></span> <span class='ocrx_word' id='word_1_211' title='bbox 723 2731 963 2792; x_wconf 85' lang='lat' dir='ltr'><strong>Demonstratio:</strong></span> 
     </span>
     <span class='ocr_line' id='line_1_25' title="bbox 224 2843 1234 2926; baseline -0.004 -20"><span class='ocrx_word' id='word_1_212' title='bbox 224 2846 309 2923; x_wconf 74' lang='lat' dir='ltr'><strong>Quod</strong></span> <span class='ocrx_word' id='word_1_213' title='bbox 319 2869 338 2905; x_wconf 88' lang='lat' dir='ltr'><strong>o</strong></span> <span class='ocrx_word' id='word_1_214' title='bbox 349 2848 479 2924; x_wconf 61' lang='lat' dir='ltr'><strong>semente</strong></span> <span class='ocrx_word' id='word_1_215' title='bbox 491 2847 682 2926; x_wconf 79' lang='lat' dir='ltr'><strong>pubernctcre</strong></span> <span class='ocrx_word' id='word_1_216' title='bbox 695 2847 816 2925; x_wconf 71' lang='lat' dir='ltr'><strong>rapitur,</strong></span> <span class='ocrx_word' id='word_1_217' title='bbox 827 2845 975 2924; x_wconf 82' lang='lat' dir='ltr'><strong>sapienter</strong></span> <span class='ocrx_word' id='word_1_218' title='bbox 989 2843 1234 2915; x_wconf 89' lang='lat' dir='ltr'><strong>administratur;</strong></span> 
     </span>
     <span class='ocr_line' id='line_1_26' title="bbox 219 2927 980 3005; baseline -0.001 -20"><span class='ocrx_word' id='word_1_219' title='bbox 219 2927 315 3005; x_wconf 87' lang='lat' dir='ltr'><strong>Atqui</strong></span> <span class='ocrx_word' id='word_1_220' title='bbox 330 2927 460 2987; x_wconf 86' lang='lat' dir='ltr'><strong>muudus</strong></span> <span class='ocrx_word' id='word_1_221' title='bbox 474 2929 632 3005; x_wconf 72' lang='lat' dir='ltr'><strong>ampiecti</strong></span> <span class='ocrx_word' id='word_1_222' title='bbox 644 2927 836 3005; x_wconf 67' lang='lat' dir='ltr'><strong>pubescentem</strong></span> <span class='ocrx_word' id='word_1_223' title='bbox 849 2929 980 3004; x_wconf 61' lang='lat' dir='ltr'><strong>raptum</strong></span> 
     </span>
     <span class='ocr_line' id='line_1_27' title="bbox 219 3006 861 3087; baseline 0 -21"><span class='ocrx_word' id='word_1_224' title='bbox 219 3006 302 3086; x_wconf 86' lang='lat' dir='ltr'><strong>Ergo</strong></span> <span class='ocrx_word' id='word_1_225' title='bbox 317 3007 447 3068; x_wconf 88' lang='lat' dir='ltr'><strong>mundus</strong></span> <span class='ocrx_word' id='word_1_226' title='bbox 461 3009 612 3087; x_wconf 82' lang='lat' dir='ltr'><strong>sapienter</strong></span> <span class='ocrx_word' id='word_1_227' title='bbox 625 3006 861 3067; x_wconf 87' lang='lat' dir='ltr'><strong>administratur.</strong></span> 
     </span>
     <span class='ocr_line' id='line_1_28' title="bbox 177 3119 1238 3206; baseline -0.003 -25"><span class='ocrx_word' id='word_1_228' title='bbox 177 3121 233 3181; x_wconf 88' lang='lat' dir='ltr'><strong>Est</strong></span> <span class='ocrx_word' id='word_1_229' title='bbox 248 3142 266 3180; x_wconf 90' lang='grc' dir='ltr'><em>α</em></span> <span class='ocrx_word' id='word_1_230' title='bbox 282 3123 402 3200; x_wconf 75' lang='lat' dir='ltr'><strong>prr&#39;ort:</strong></span> <span class='ocrx_word' id='word_1_231' title='bbox 423 3142 492 3181; x_wconf 88' lang='lat' dir='ltr'><strong>nam</strong></span> <span class='ocrx_word' id='word_1_232' title='bbox 508 3121 574 3182; x_wconf 91' lang='lat' dir='ltr'><strong>ideo</strong></span> <span class='ocrx_word' id='word_1_233' title='bbox 590 3121 719 3182; x_wconf 90' lang='lat' dir='ltr'><strong>mundus</strong></span> <span class='ocrx_word' id='word_1_234' title='bbox 732 3121 881 3206; x_wconf 79' lang='lat' dir='ltr'><strong>sapienter</strong></span> <span class='ocrx_word' id='word_1_235' title='bbox 900 3119 1145 3191; x_wconf 57' lang='lat' dir='ltr'><strong>administratum</strong></span> <span class='ocrx_word' id='word_1_236' title='bbox 1167 3120 1238 3198; x_wconf 88' lang='lat' dir='ltr'><strong>quia</strong></span> 
     </span>
     <span class='ocr_line' id='line_1_29' title="bbox 138 3215 1238 3298; baseline 0 -23"><span class='ocrx_word' id='word_1_237' title='bbox 138 3241 157 3276; x_wconf 86' lang='lat' dir='ltr'><strong>c</strong></span> <span class='ocrx_word' id='word_1_238' title='bbox 172 3221 298 3298; x_wconf 81' lang='lat' dir='ltr'><strong>sapienti</strong></span> <span class='ocrx_word' id='word_1_239' title='bbox 310 3219 504 3298; x_wconf 78' lang='lat' dir='ltr'><strong>pubernctore</strong></span> <span class='ocrx_word' id='word_1_240' title='bbox 523 3221 655 3297; x_wconf 73' lang='lat' dir='ltr'><strong>sepitur:</strong></span> <span class='ocrx_word' id='word_1_241' title='bbox 676 3229 706 3278; x_wconf 90' lang='lat' dir='ltr'><strong>et</strong></span> <span class='ocrx_word' id='word_1_242' title='bbox 719 3227 932 3296; x_wconf 88' lang='lat' dir='ltr'><strong>consequenter</strong></span> <span class='ocrx_word' id='word_1_243' title='bbox 946 3217 1056 3277; x_wconf 79' lang='lat' dir='ltr'><strong>veritas</strong></span> <span class='ocrx_word' id='word_1_244' title='bbox 1069 3215 1238 3294; x_wconf 80' lang='lat' dir='ltr'><strong>ontologica</strong></span> 
     </span>
     <span class='ocr_line' id='line_1_30' title="bbox 138 3310 1236 3392; baseline -0.003 -19"><span class='ocrx_word' id='word_1_245' title='bbox 138 3313 366 3392; x_wconf 85' lang='lat' dir='ltr'><strong>praemissarum</strong></span> <span class='ocrx_word' id='word_1_246' title='bbox 381 3326 424 3374; x_wconf 88' lang='lat' dir='ltr'><strong>est</strong></span> <span class='ocrx_word' id='word_1_247' title='bbox 445 3333 534 3375; x_wconf 85' lang='lat' dir='ltr'><strong>causa</strong></span> <span class='ocrx_word' id='word_1_248' title='bbox 550 3313 684 3374; x_wconf 83' lang='lat' dir='ltr'><strong>veritatis</strong></span> <span class='ocrx_word' id='word_1_249' title='bbox 698 3311 885 3391; x_wconf 80' lang='lat' dir='ltr'><strong>ontologicae</strong></span> <span class='ocrx_word' id='word_1_250' title='bbox 906 3310 1110 3373; x_wconf 87' lang='lat' dir='ltr'><strong>conclusionis.</strong></span> <span class='ocrx_word' id='word_1_251' title='bbox 1152 3310 1236 3372; x_wconf 89' lang='lat' dir='ltr'><strong>Idem</strong></span> 
     </span>
     <span class='ocr_line' id='line_1_31' title="bbox 138 3408 1237 3489; baseline -0.001 -20"><span class='ocrx_word' id='word_1_252' title='bbox 138 3411 262 3489; x_wconf 87' lang='lat' dir='ltr'><strong>peragis,</strong></span> <span class='ocrx_word' id='word_1_253' title='bbox 277 3431 343 3470; x_wconf 93' lang='lat' dir='ltr'><strong>cum</strong></span> <span class='ocrx_word' id='word_1_254' title='bbox 369 3431 403 3470; x_wconf 78' lang='lat' dir='ltr'><strong>aa</strong></span> <span class='ocrx_word' id='word_1_255' title='bbox 416 3431 503 3470; x_wconf 76' lang='lat' dir='ltr'><strong>cocao</strong></span> <span class='ocrx_word' id='word_1_256' title='bbox 525 3411 710 3470; x_wconf 88' lang='lat' dir='ltr'><strong>demonstras</strong></span> <span class='ocrx_word' id='word_1_257' title='bbox 732 3410 878 3482; x_wconf 83' lang='lat' dir='ltr'><strong>ellectum,</strong></span> <span class='ocrx_word' id='word_1_258' title='bbox 892 3431 926 3470; x_wconf 79' lang='lat' dir='ltr'><strong>ea</strong></span> <span class='ocrx_word' id='word_1_259' title='bbox 940 3409 1060 3470; x_wconf 78' lang='lat' dir='ltr'><strong>esseratio</strong></span> <span class='ocrx_word' id='word_1_260' title='bbox 1081 3408 1124 3468; x_wconf 89' lang='lat' dir='ltr'><strong>rei</strong></span> <span class='ocrx_word' id='word_1_261' title='bbox 1146 3408 1237 3487; x_wconf 73' lang='lat' dir='ltr'><strong>ipsius</strong></span> 
     </span>
     <span class='ocr_line' id='line_1_32' title="bbox 137 3503 1245 3585; baseline -0.001 -21"><span class='ocrx_word' id='word_1_262' title='bbox 137 3505 340 3585; x_wconf 87' lang='lat' dir='ltr'><strong>proprietates,</strong></span> <span class='ocrx_word' id='word_1_263' title='bbox 354 3518 436 3566; x_wconf 87' lang='lat' dir='ltr'><strong>etex</strong></span> <span class='ocrx_word' id='word_1_264' title='bbox 451 3506 496 3566; x_wconf 88' lang='lat' dir='ltr'><strong>his</strong></span> <span class='ocrx_word' id='word_1_265' title='bbox 511 3518 720 3585; x_wconf 84' lang='lat' dir='ltr'><strong>consequentes</strong></span> <span class='ocrx_word' id='word_1_266' title='bbox 733 3505 809 3566; x_wconf 87' lang='lat' dir='ltr'><strong>alias</strong></span> <span class='ocrx_word' id='word_1_267' title='bbox 824 3505 1019 3585; x_wconf 88' lang='lat' dir='ltr'><strong>proprietates</strong></span> <span class='ocrx_word' id='word_1_268' title='bbox 1032 3503 1218 3565; x_wconf 86' lang='lat' dir='ltr'><strong>demonstras</strong></span> <span class='ocrx_word' id='word_1_269' title='bbox 1230 3526 1245 3584; x_wconf 76' lang='grc' dir='ltr'><strong>ςΙ</strong></span> 
     </span>
     <span class='ocr_line' id='line_1_33' title="bbox 138 3600 1236 3681; baseline -0.002 -18"><span class='ocrx_word' id='word_1_270' title='bbox 138 3624 198 3663; x_wconf 89' lang='lat' dir='ltr'><strong>uno</strong></span> <span class='ocrx_word' id='word_1_271' title='bbox 212 3604 304 3664; x_wconf 88' lang='lat' dir='ltr'><strong>verbo</strong></span> <span class='ocrx_word' id='word_1_272' title='bbox 318 3624 386 3664; x_wconf 90' lang='lat' dir='ltr'><strong>curn</strong></span> <span class='ocrx_word' id='word_1_273' title='bbox 409 3625 444 3664; x_wconf 85' lang='lat' dir='ltr'><strong>ec</strong></span> <span class='ocrx_word' id='word_1_274' title='bbox 457 3625 545 3662; x_wconf 83' lang='lat' dir='ltr'><strong>causo</strong></span> <span class='ocrx_word' id='word_1_275' title='bbox 565 3603 628 3664; x_wconf 89' lang='lat' dir='ltr'><strong>sive</strong></span> <span class='ocrx_word' id='word_1_276' title='bbox 641 3605 676 3663; x_wconf 81' lang='lat' dir='ltr'><strong>ta</strong></span> <span class='ocrx_word' id='word_1_277' title='bbox 694 3603 797 3663; x_wconf 83' lang='lat' dir='ltr'><strong>ordine</strong></span> <span class='ocrx_word' id='word_1_278' title='bbox 817 3601 1015 3681; x_wconf 77' lang='lat' dir='ltr'><strong>metaphysica,</strong></span> <span class='ocrx_word' id='word_1_279' title='bbox 1029 3601 1093 3662; x_wconf 89' lang='lat' dir='ltr'><strong>sive</strong></span> <span class='ocrx_word' id='word_1_280' title='bbox 1112 3600 1236 3680; x_wconf 75' lang='lat' dir='ltr'><strong>physico,</strong></span> 
     </span>
     <span class='ocr_line' id='line_1_34' title="bbox 137 3700 704 3780; baseline -0.002 -19"><span class='ocrx_word' id='word_1_281' title='bbox 137 3701 258 3762; x_wconf 84' lang='lat' dir='ltr'><strong>effectus</strong></span> <span class='ocrx_word' id='word_1_282' title='bbox 272 3702 303 3760; x_wconf 91' lang='lat' dir='ltr'><strong>in</strong></span> <span class='ocrx_word' id='word_1_283' title='bbox 318 3712 444 3780; x_wconf 85' lang='lat' dir='ltr'><strong>utroque</strong></span> <span class='ocrx_word' id='word_1_284' title='bbox 458 3701 562 3760; x_wconf 91' lang='lat' dir='ltr'><strong>ordine</strong></span> <span class='ocrx_word' id='word_1_285' title='bbox 575 3700 704 3760; x_wconf 89' lang='lat' dir='ltr'><strong>deducis.</strong></span> 
     </span>
     <span class='ocr_line' id='line_1_35' title="bbox 178 3787 708 3870; baseline -0.002 -12"><span class='ocrx_word' id='word_1_286' title='bbox 178 3797 206 3858; x_wconf 84' lang='lat' dir='ltr'>E</span> <span class='ocrx_word' id='word_1_287' title='bbox 221 3811 326 3858; x_wconf 88' lang='lat' dir='ltr'><strong>contra</strong></span> <span class='ocrx_word' id='word_1_288' title='bbox 339 3798 451 3858; x_wconf 85' lang='lat' dir='ltr'><strong>isthaec</strong></span> <span class='ocrx_word' id='word_1_289' title='bbox 466 3787 708 3870; x_wconf 73' lang='lat' dir='ltr'><strong>De&#39;monstrati03</strong></span> 
     </span>
     <span class='ocr_line' id='line_1_36' title="bbox 221 3910 998 3990; baseline 0 -20"><span class='ocrx_word' id='word_1_290' title='bbox 221 3911 307 3988; x_wconf 74' lang='lat' dir='ltr'><strong>Quod</strong></span> <span class='ocrx_word' id='word_1_291' title='bbox 315 3912 433 3990; x_wconf 77' lang='lat' dir='ltr'><strong>projicit</strong></span> <span class='ocrx_word' id='word_1_292' title='bbox 447 3911 580 3970; x_wconf 71' lang='lat' dir='ltr'><strong>cadram</strong></span> <span class='ocrx_word' id='word_1_293' title='bbox 593 3910 749 3971; x_wconf 80' lang='lat' dir='ltr'><strong>rotundum</strong></span> <span class='ocrx_word' id='word_1_294' title='bbox 762 3921 806 3984; x_wconf 81' lang='lat' dir='ltr'><strong>est</strong></span> <span class='ocrx_word' id='word_1_295' title='bbox 820 3911 998 3971; x_wconf 90' lang='lat' dir='ltr'><strong>rotundum:</strong></span> 
     </span>
     <span class='ocr_line' id='line_1_37' title="bbox 216 3990 876 4070; baseline -0.002 -19"><span class='ocrx_word' id='word_1_296' title='bbox 216 3992 312 4070; x_wconf 89' lang='lat' dir='ltr'><strong>Atqui</strong></span> <span class='ocrx_word' id='word_1_297' title='bbox 328 4003 408 4051; x_wconf 88' lang='lat' dir='ltr'><strong>terra</strong></span> <span class='ocrx_word' id='word_1_298' title='bbox 425 3992 543 4070; x_wconf 79' lang='lat' dir='ltr'><strong>projicit</strong></span> <span class='ocrx_word' id='word_1_299' title='bbox 556 3991 690 4050; x_wconf 81' lang='lat' dir='ltr'><strong>umbrant</strong></span> <span class='ocrx_word' id='word_1_300' title='bbox 702 3990 876 4062; x_wconf 63' lang='lat' dir='ltr'><strong>rotundam</strong></span> 
     </span>
     <span class='ocr_line' id='line_1_38' title="bbox 216 4071 601 4151; baseline 0 -19"><span class='ocrx_word' id='word_1_301' title='bbox 216 4071 299 4151; x_wconf 85' lang='lat' dir='ltr'><strong>Ergo</strong></span> <span class='ocrx_word' id='word_1_302' title='bbox 313 4083 392 4132; x_wconf 84' lang='lat' dir='ltr'><strong>terra</strong></span> <span class='ocrx_word' id='word_1_303' title='bbox 407 4082 451 4132; x_wconf 86' lang='lat' dir='ltr'><strong>est</strong></span> <span class='ocrx_word' id='word_1_304' title='bbox 464 4071 601 4132; x_wconf 79' lang='lat' dir='ltr'><strong>rotunda</strong></span> 
     </span>
     <span class='ocr_line' id='line_1_39' title="bbox 140 4183 1235 4264; baseline 0 -21"><span class='ocrx_word' id='word_1_305' title='bbox 140 4183 195 4243; x_wconf 84' lang='lat' dir='ltr'><strong>Est</strong></span> <span class='ocrx_word' id='word_1_306' title='bbox 215 4206 232 4243; x_wconf 85' lang='lat' dir='ltr'><strong>a</strong></span> <span class='ocrx_word' id='word_1_307' title='bbox 256 4185 412 4262; x_wconf 79' lang='lat' dir='ltr'><strong>posteriori</strong></span> <span class='ocrx_word' id='word_1_308' title='bbox 419 4206 430 4254; x_wconf 91' lang='lat'><strong>,·</strong></span> <span class='ocrx_word' id='word_1_309' title='bbox 451 4205 520 4244; x_wconf 90' lang='lat' dir='ltr'><strong>nam</strong></span> <span class='ocrx_word' id='word_1_310' title='bbox 549 4183 713 4244; x_wconf 77' lang='lat' dir='ltr'><strong>rotunditas</strong></span> <span class='ocrx_word' id='word_1_311' title='bbox 733 4193 830 4245; x_wconf 89' lang='lat' dir='ltr'><strong>terrae</strong></span> <span class='ocrx_word' id='word_1_312' title='bbox 856 4194 900 4246; x_wconf 88' lang='lat' dir='ltr'><strong>est</strong></span> <span class='ocrx_word' id='word_1_313' title='bbox 926 4187 961 4244; x_wconf 75' lang='lat' dir='ltr'><strong>in</strong></span> <span class='ocrx_word' id='word_1_314' title='bbox 981 4203 1069 4245; x_wconf 71' lang='lat' dir='ltr'><strong>como</strong></span> <span class='ocrx_word' id='word_1_315' title='bbox 1096 4201 1150 4244; x_wconf 89' lang='lat' dir='ltr'><strong>cur</strong></span> <span class='ocrx_word' id='word_1_316' title='bbox 1171 4185 1235 4264; x_wconf 82' lang='lat' dir='ltr'><strong>ipsa</strong></span> 
     </span>
     <span class='ocr_line' id='line_1_40' title="bbox 134 4281 1235 4362; baseline 0.001 -21"><span class='ocrx_word' id='word_1_317' title='bbox 134 4282 272 4341; x_wconf 88' lang='lat' dir='ltr'><strong>umbram</strong></span> <span class='ocrx_word' id='word_1_318' title='bbox 294 4282 453 4342; x_wconf 87' lang='lat' dir='ltr'><strong>rotundam</strong></span> <span class='ocrx_word' id='word_1_319' title='bbox 476 4281 612 4361; x_wconf 89' lang='lat' dir='ltr'><strong>projiciat</strong></span> <span class='ocrx_word' id='word_1_320' title='bbox 629 4281 662 4340; x_wconf 91' lang='lat' dir='ltr'><strong>in</strong></span> <span class='ocrx_word' id='word_1_321' title='bbox 676 4281 790 4342; x_wconf 62' lang='lat' dir='ltr'><strong>dacum</strong></span> <span class='ocrx_word' id='word_1_322' title='bbox 802 4281 948 4355; x_wconf 87' lang='lat' dir='ltr'><strong>lunarem,</strong></span> <span class='ocrx_word' id='word_1_323' title='bbox 963 4301 1030 4342; x_wconf 90' lang='lat' dir='ltr'><strong>cum</strong></span> <span class='ocrx_word' id='word_1_324' title='bbox 1045 4281 1080 4342; x_wconf 88' lang='lat' dir='ltr'><strong>fit</strong></span> <span class='ocrx_word' id='word_1_325' title='bbox 1093 4281 1235 4362; x_wconf 87' lang='lat' dir='ltr'><strong>eclypsis:</strong></span> 
     </span>
    </p>
   </div>
   <div class='ocr_carea' id='block_1_6' title="bbox 0 0 1564 4956">
    <p class='ocr_par' dir='ltr' id='par_1_8' title="bbox 0 0 1564 4956">
     <span class='ocr_line' id='line_1_41' title="bbox 0 0 1564 4956; baseline 0 0"><span class='ocrx_word' id='word_1_326' title='bbox 0 0 1564 4956; x_wconf 95' lang='lat' dir='ltr'><strong> </strong></span> 
     </span>
    </p>
   </div>
  </div>
 </body>
</html>
