3138 4956
452 442 499 502 Dc
525 443 620 503 Tertia
642 442 750 502 Mentis
776 441 955 520 Operatione.
1192 440 1250 501 329

188 635 409 712 c)—Inetoatio
419 635 550 708 affertur,
563 635 683 712 quando
697 633 894 713 impugnatur
907 632 1114 712 propositionis
1124 631 1251 713 alicujus

150 732 363 804 univeraliter,
385 731 534 792 afferendo
562 731 610 792 vel
639 733 844 810 repetentiam
871 731 1058 802 contrariam,
1082 730 1129 790 vel
1156 750 1253 790 ccccm

147 831 274 910 aliquem
292 829 476 907 peculiarem,
489 829 521 888 in
543 849 602 908 qno
623 828 678 888 illa
699 829 860 908 propositio
882 847 939 888 non
957 827 1134 888 verificatur.
1178 825 1250 886 Huc

147 926 238 986 ctiam
251 926 353 985 ret'erri
370 935 465 1004 potest
479 925 532 984 illa
547 925 692 1004 arguendi
706 925 790 996 ratio,
802 945 862 1003 qua
873 923 1038 984 ostenditur
1053 924 1082 982 in
1095 943 1250 1002 argumen-

150 1036 180 1084 tc
203 1021 369 1082 adversarii
390 1021 517 1098 formam
541 1020 711 1098 desiderari,
737 1021 939 1080 transferendo
965 1019 1043 1080 hanc
1067 1019 1193 1078 formam
1218 1021 1252 1078 in

148 1117 238 1178 ctiam
252 1118 411 1190 motet-imm
422 1118 454 1177 in
469 1137 529 1196 qua
542 1118 597 1178 fiat
610 1118 739 1190 evidens,
754 1127 963 1196 argumentum
979 1117 1106 1177 allatum
1122 1137 1179 1178 non
1191 1135 1252 1178 csse

142 1215 308 1292 sumtiliter
330 1226 441 1275 rectum
459 1215 501 1292 (n.
518 1215 610 1292 tls).

188 1313 528 1391 d)-Argnmentamnr
546 1311 586 1372 od
608 1311 750 1373 hotuinem
772 1313 1015 1391 quotiescumque
1036 1330 1074 1370 ex
1099 1309 1252 1389 principiis

149 1408 324 1480 aduersarii,
339 1410 510 1487 ceteroquin
533 1407 633 1468 dubiis
647 1407 695 1469 vel
718 1407 810 1480 falsis,
824 1427 901 1486 qnae
922 1418 1023 1467 tamen
1045 1417 1080 1467 ut
1100 1417 1181 1467 certa
1203 1405 1251 1467 vel

150 1523 221 1564 vera
243 1503 284 1564 ab
306 1505 369 1583 ipso
390 1515 592 1576 assumuntur,
606 1495 737 1564 nostra'm
762 1504 931 1583 colligimus
951 1503 1145 1584 sententiam:
1167 1502 1252 1563 etsie

148 1601 285 1678 cogimur
298 1599 503 1662 adversarium
520 1601 567 1661 vel
582 1600 621 1660 ad
644 1608 771 1686 ecetram
783 1603 951 1662 sentemtam
973 1599 1189 1671 admittendam,
1205 1599 1252 1660 vel

149 1697 190 1756 nd
202 1719 257 1757 ano
274 1699 428 1777 pritwipio
440 1699 610 1779 rejicienda.

189 1795 393 1869 e)—-Betoreic
407 1796 577 1874 argumenti
591 1795 626 1856 fit
640 1796 762 1875 quando
776 1795 966 1856 adversarius
980 1795 1097 1873 cogitur
1110 1794 1150 1856 ad
1163 1813 1250 1854 sunm

149 1891 211 1968 ipss
224 1891 401 1951 solvendum
416 1903 636 1971 argumentum.
679 1891 717 1952 Id
731 1903 832 1954 autem
848 1893 1000 1972 continget
1015 1913 1083 1954 cnm
1099 1913 1133 1953 en
1144 1892 1252 1972 princi·

144 1989 206 2065 piis
221 1986 320 2065 ipsius,
336 1987 384 2048 vel
399 2009 433 2048 ec
447 1989 625 2049 conclusione
639 1988 679 2049 ab
693 1989 757 2068 ipso
768 1989 898 2050 admisso
908 1989 1071 2070 inferimus,
1082 1989 1131 2050 vel
1141 1989 1250 2050 salsum

150 2083 313 2161 essequod
338 2083 400 2163 ipss
425 2105 529 2145 verum
555 2095 650 2164 putat,
666 2085 714 2145 vel
740 2106 843 2146 verum
867 2106 936 2158 esse,
951 2085 1031 2165 quod
1057 2087 1118 2166 ipse
1142 2085 1250 2148 falsum

150 2179 323 2252 existimatt
345 2181 394 2242 vel
407 2181 528 2241 demum
551 2182 676 2261 aliquid,
691 2183 770 2262 qnod
785 2183 841 2262 ipsi
857 2203 916 2244 uon
937 2183 1057 2244 arridet
1100 2183 1251 2264 Exempla

151 2275 332 2338 Retorsionis
347 2277 438 2338 habes
461 2279 491 2337 in
515 2277 649 2339 Auctore
673 2284 738 2358 (nn.
755 2279 802 2339 92.
818 2290 847 2340 et
868 2280 1038 2356 naq—of.
1053 2281 1144 2340 etiam
1160 2279 1248 2342 Matt

152 2372 263 2434 XXII.
269 2377 275 2428 ’.
281 2395 314 2434 w:
329 2375 466 2436 cn—‹ta

189 2471 447 2550 f)-Argumenti
471 2473 600 2532 [namsia
624 2472 762 2543 habetur,
786 2493 854 2533 cum
877 2493 915 2532 ex
937 2473 1031 2533 medic
1052 2471 1188 2532 adhibito
1210 2473 1250 2534 ab

147 2569 319 2628 adversario
333 2569 372 2628 ad
387 2590 472 2629 snam
494 2569 600 2630 thesim
615 2569 841 2641 defendendam,
858 2569 905 2630 vel
920 2579 1051 2630 nostram
1073 2569 1250 2648 impugnan-

149 2665 228 2736 dam,
240 2665 410 2745 colligimus
423 2666 467 2726 vel
485 2667 590 2727 thesim
604 2677 745 2737 nostram,
756 2687 847 2745 quam
862 2665 914 2726 ille
925 2666 1103 2746 impugnare
1113 2667 1190 2738 vult,
1201 2667 1250 2727 vel

149 2763 334 2822 contrarium
348 2763 420 2842 ejus,
441 2763 520 2841 quod
543 2762 606 2842 ipse
626 2763 767 2823 defendit
810 2762 1013 2824 Inversionem
1028 2782 1047 2821 a
1067 2762 1251 2824 chananaea

151 2857 275 2917 muliere
288 2859 431 2919 Servator
444 2869 543 2920 noster
558 2858 686 2938 benigne
696 2860 873 2938 acceptavit,
884 2877 935 2919 sen
951 2860 1058 2938 potius,
1070 2871 1104 2920 ut
1117 2861 1251 2923 mulieris

149 2952 238 3014 fidem
255 2953 397 3032 probaret
409 2966 440 3014 et
454 2955 643 3016 manifestam
658 2955 777 3028 faceret,
789 2955 972 3016 occasionem
988 2955 1033 3014 illi
1048 2955 1159 3016 ohtnlit
1172 2956 1250 3018 hano

149 3051 345 3112 inversionem
360 3051 533 3124 adhibendi,
545 3073 652 3132 aspere
667 3053 722 3112 illa
735 3061 765 3113 et
785 3061 964 3131 apparenter
978 3051 1056 3112 dura
1077 3053 1250 3131 negatione:

148 3153 227 3207 “non
239 3155 277 3208 cst
288 3147 395 3208 bonnm
402 3169 512 3210 euenere
521 3169 630 3228 panon
636 3151 769 3230 fitiorum
780 3157 806 3210 et
819 3149 891 3210 dare
900 3149 1022 3210 conilme
1030 3149 1059 3208 :''
1074 3151 1123 3210 cni
1133 3149 1252 3211 Chana-

149 3265 224 3307 naea
237 3247 380 3308 submisse
395 3247 564 3326 respondit:
587 3249 714 3320 “Etiam
730 3249 864 3321 Domino,
875 3267 945 3307 narn
959 3255 985 3308 ot
1004 3249 1100 3309 antedi
1112 3247 1202 3308 edam
1216 3249 1251 3310 do

148 3347 237 3416 mich,
252 3365 326 3424 quoa
339 3347 447 3404 cadunt
461 3345 497 3404 de
510 3365 609 3406 curten
622 3345 805 3404 dmninorum
825 3343 1101 3406 ramum.”-Matt.
1116 3341 1187 3405 XV.
1204 3345 1250 3408 25.

152 3441 390 3502 ''tir-(hisham
406 3441 497 3503 Joan.
513 3463 536 3503 c.
554 3440 609 3503 IX.
627 3463 675 3504 vv.
692 3443 738 3503 24.
754 3443 793 3502 ad
808 3442 855 3503 34.

190 3537 527 3617 g)—Argumentamnr
555 3559 613 3618 per
640 3539 860 3611 detractionem,
888 3539 1019 3618 qnando,
1044 3540 1252 3618 praetermissa

151 3633 340 3712 responsione
350 3634 390 3694 ad
404 3645 625 3714 argumentum,
639 3634 687 3695 vel
702 3625 967 3714 interrogationem
981 3635 1154 3709 adversarii,
1169 3655 1252 3698 aver·

150 3731 241 3790 timus
264 3731 359 3810 ipsum
375 3731 414 3792 ad
438 3732 650 3811 explicandum
675 3732 800 3811 aliquid,
814 3733 894 3812 qnod
919 3733 981 3812 ipse
1002 3733 1171 3806 haesitant
1191 3754 1251 3795 non

150 3826 217 3886 vult
237 3827 406 3904 explicere:
428 3838 518 3907 atque
542 3830 586 3889 ita
609 3830 700 3890 tacite
714 3829 761 3890 vel
787 3839 889 3908 aperta
911 3829 1127 3904 concludimus,
1139 3831 1251 3892 mirum

149 3943 207 3984 non
234 3945 303 3997 csse,
317 3925 342 3986 si
356 3937 386 3985 et
401 3945 453 3986 nos
477 3945 647 4004 responsum
673 3927 729 4006 ipsi
752 3947 811 3987 non
835 3926 947 3988 demus.
990 3927 1141 4007 Exempla
1162 3928 1253 4009 hujus

149 4022 264 4098 generis
279 4023 387 4100 passim
402 4022 432 4082 in
449 4022 618 4101 Evangelio
633 4033 785 4102 prostant:
808 4024 865 4085 hac
885 4026 1116 4104 argumentandi
1137 4027 1252 4089 ratione

146 4118 318 4197 saepissime
329 4139 398 4180 usus
409 4128 453 4180 est
463 4119 600 4181 Christus
611 4119 762 4182 Dominus
771 4121 811 4182 ad
822 4121 1038 4182 retundendam
1050 4123 1250 4202 pervicaciam

147 4211 321 4275 Scribarum
337 4227 367 4275 et
381 4215 612 4276 Pharisaeorum
627 4216 802 4278 induratum
816 4217 993 4279 habentium
1007 4238 1066 4279 cor.
1114 4217 1164 4280 Sic
1178 4241 1206 4282 v.
1220 4242 1249 4300 g.

148 4311 280 4390 quadam
294 4313 358 4374 vice
369 4333 435 4374 cum
448 4313 480 4375 hi
489 4314 721 4394 interrogassent
728 4315 881 4377 Christum
890 4339 897 4376 :
907 4317 958 4376 “in
965 4337 1026 4396 qua
1030 4323 1169 4396 potestate
1176 4318 1250 4381 haec

689 4409 729 4470 42
