3358 4952
494 480 540 539 Da
560 479 693 540 &mendo
715 480 823 540 Meu-tia
843 479 1022 558 Operatione.
1249 481 1300 540 161

238 675 339 749 ὂ)--Α
354 675 525 754 praedicato
537 676 695 754 conjuncto,
706 695 756 734 seu
769 675 935 754 complexo,
946 675 985 734 ad
995 675 1058 754 ejus
1073 685 1170 753 partes
1186 675 1302 746 diruam,

198 772 278 832 valet
289 772 393 844 illatio,
405 773 648 851 quotiescumque
657 793 718 832 uua
732 793 801 852 pars
812 773 850 832 de
863 772 998 850 subjecto
1009 772 1067 832 dici
1085 781 1189 851 posset,
1202 793 1303 850 praes·
1370 847 1371 850 Ἴ

199 870 347 930 cindendo
362 891 380 930 a
395 871 643 930 determinatione
658 891 710 948 per
721 871 813 929 aliam
829 881 944 949 partem
960 869 1132 930 inductam:
1148 889 1207 928 non
1220 869 1301 930 valet

199 977 299 1026 autem
315 987 382 1027 cum
399 988 542 1047 unapars
557 989 616 1028 uon
631 969 743 1028 dicitur
756 969 793 1028 rle
807 968 940 1047 subjecto
956 989 1012 1046 per
1025 991 1062 1039 aa,
1077 968 1127 1028 sed
1142 967 1300 1028 solumuro

198 1063 238 1121 do
259 1063 421 1123 secundum
437 1063 573 1135 formam,
586 1085 675 1143 quam
691 1064 753 1124 alia
768 1055 836 1144 pars
847 1063 1053 1141 ‘adsignificat
1096 1065 1299 1140 Quamobrem

199 1172 276 1220 reete
290 1161 332 1220 sic
347 1181 468 1240 argues:

279 1257 428 1317 “Flumen
443 1268 486 1318 est
500 1279 579 1337 aqua
602 1258 696 1318 fluens
706 1259 731 1318 :”
753 1280 820 1334 erpo
834 1264 897 1318 “est
910 1279 998 1336 aqua,
1013 1267 1100 1318 otest
1116 1258 1210 1317 fluens
1220 1259 1245 1318 :'’

202 1373 260 1412 non
276 1355 345 1414 item
361 1365 439 1414 recte
453 1374 575 1432 argues:
616 1345 622 1356 ’

239 1449 434 1510 “Alexander
448 1463 492 1512 eet
506 1471 633 1529 maguus
647 1451 710 1510 dux
721 1451 746 1510 :’'
762 1473 829 1529 erpo
839 1456 888 1511 “ot
901 1461 945 1511 art
960 1471 1094 1530 maguus,
1106 1462 1136 1510 et
1149 1461 1192 1510 est
1206 1451 1298 1511 dux.''

239 1547 265 1606 A
283 1548 454 1626 praedicato
469 1549 559 1608 dicito
573 1549 611 1610 ud
627 1549 808 1628 conjunctum
825 1548 904 1608 valet
918 1547 1024 1620 illatio,
1036 1558 1090 1608 aut
1103 1568 1194 1620 secus,
1210 1559 1298 1628 prout

198 1665 341 1724 unapars
363 1657 458 1724 potest
472 1645 531 1704 dici
546 1645 583 1704 de
596 1645 739 1723 subjecto,
753 1644 916 1704 secundum
932 1643 1011 1722 quod
1027 1644 1117 1704 habet
1131 1643 1233 1713 aliam,
1250 1644 1294 1703 vel

193 1761 284 1802 secus.
326 1741 372 1801 Of.
389 1741 435 1801 De
449 1741 650 1820 appellatione
666 1745 729 1820 (nn.
747 1743 937 1818 110-113.).

235 1837 335 1914 c)—-A
360 1838 531 1916 praedicato
552 1841 697 1916 priori-tino
711 1837 750 1898 ad
772 1841 937 1917 'cepaticum
951 1837 1033 1900 valet
1057 1830 1168 1898 illatio:
1190 1851 1294 1898 utnon

195 1935 322 1995 vicissim
341 1937 384 2012 (u.
401 1937 472 2006 284.

235 2033 302 2092 201.
345 2032 628 2110 Tertio—Quando
656 2033 696 2096 ab
721 2055 781 2094 uua
805 2035 1000 2112 suppositione
1025 2035 1059 2094 fit
1087 2035 1228 2094 transitus
1256 2036 1294 2094 ud

193 2129 291 2189 aliona
334 2129 387 2188 Ad
408 2129 496 2209 hujus
518 2143 616 2190 tumen
641 2130 681 2190 rei
697 2130 878 2191 evidentiam
900 2130 1146 2190 considerandum
1163 2143 1215 2204 est,
1231 2132 1295 2192 illu-

193 2225 314 2298 tionem,
328 2226 390 2288 sive
404 2247 440 2286 ea
453 2227 492 2287 sit
506 2226 697 2299 affirmativa,
712 2228 774 2288 sive
789 2229 939 2307 negativa,
953 2247 1069 2306 semper
1085 2228 1183 2288 valere
1198 2229 1292 2308 quoti·

197 2343 356 2400 cucurrique
377 2323 411 2383 fit
425 2323 568 2383 transitus
582 2345 600 2382 a
614 2325 817 2402 suppositione
831 2323 1014 2384 duraturam
1029 2324 1067 2384 ad
1083 2321 1293 2402 ‹lupunrtioom

192 2418 239 2476 vel
262 2418 452 2495 disjunctum
474 2430 506 2479 at
521 2441 579 2479 nou
600 2441 715 2499 semper
738 2421 901 2500 legitimam
917 2443 977 2482 esse
994 2421 1169 2492 illationem,
1184 2445 1261 2502 quae
1275 2448 1291 2484 u

191 2515 394 2594 suppositione
405 2517 589 2578 distribution
602 2519 636 2578 lit
649 2518 689 2579 ad
699 2519 877 2591 collectivum,
890 2520 937 2580 vel
952 2541 1128 2580 econverso.
1172 2517 1291 2582 Etenim

189 2625 260 2673 sunt
282 2613 504 2692 o)—quaedarn
528 2616 709 2694 praedicata,
724 2635 801 2694 quae
826 2618 986 2696 unicuique
1004 2620 1088 2695 porti
1110 2618 1291 2679 collectionis

188 2710 379 2783 conueniunt,
395 2712 525 2790 praecise
539 2723 685 2791 quatenus
699 2721 765 2773 aum
775 2721 874 2791 portes
888 2724 917 2774 et
931 2735 949 2774 a
964 2725 1129 2775 ceterarum
1144 2717 1291 2776 consortio

187 2807 330 2884 ,mortuae
345 2807 586 2880 considerantum
608 2819 697 2888 aulus
718 2809 791 2870 hooc
805 2810 843 2870 de
856 2811 980 2889 atypus
994 2810 1136 2870 affirmari
1159 2825 1289 2889 possunt,

188 2923 248 2960 uon
263 2903 333 2963 item
349 2903 386 2963 de
400 2904 545 2965 omuibus.
587 2906 666 2966 Sunt
676 2905 823 2983 o')-alia
837 2905 1018 2986 praedicata,
1031 2925 1107 2986 quae
1121 2907 1288 2968 collectioni

188 3001 372 3061 conveniunt
392 3004 530 3078 praeciae,
545 3013 692 3081 quotenus
706 3012 750 3063 est
777 3003 925 3065 mauro:
946 3012 976 3064 et
1001 3005 1073 3064 haec
1098 3005 1133 3063 dr
1157 3007 1288 3066 mnrium

182 3096 319 3172 portibus
332 3097 421 3156 sinaut
438 3099 558 3176 mruptia
571 3099 715 3158 offirmari
737 3109 868 3178 possunt,
883 3121 941 3160 non
957 3101 1028 3160 item
1042 3100 1079 3160 de
1093 3101 1218 3177 singulis
1233 3102 1289 3162 dio·

187 3193 319 3252 trilrutice
334 3194 470 3273 acceptis.
512 3195 590 3255 Sunt
612 3195 731 3256 demum
747 3195 989 3274 o'')-quwdam
1013 3198 1195 3276 praedicata,
1211 3220 1287 3276 quae

186 3289 321 3367 partibus
336 3292 596 3364 convenientum
611 3293 683 3371 quia
693 3303 763 3353 sunt
777 3305 884 3371 paruas,
896 3293 946 3354 sed
960 3293 1032 3373 quia
1046 3293 1129 3368 lonc,
1141 3295 1188 3354 val
1205 3297 1281 3354 illum

184 3395 322 3446 'recturum
347 3388 474 3448 habent:
497 3401 587 3468 atque
612 3390 685 3450 haer
710 3399 774 3449 tum
799 3391 836 3451 de
858 3391 989 3469 airrpulia,
1004 3401 1068 3452 tum
1095 3392 1131 3452 de
1156 3393 1287 3452 orrrniluu

186 3486 330 3548 affirmari
346 3489 449 3567 utique
463 3501 593 3568 possunt.
637 3489 685 3549 En
700 3489 855 3569 exempla:

185 3583 368 3660 “Quaelibet
382 3605 450 3663 pam
464 3596 508 3646 est
522 3585 703 3664 incompleta
713 3585 738 3646 :''
761 3607 827 3664 erpo
842 3585 969 3647 “Totum
985 3596 1028 3648 est
1043 3587 1284 3665 incompletum.''

185 3680 350 3740 “1uoanni
366 3691 549 3760 componunt
562 3682 694 3742 seculum
706 3683 731 3741 :'’
753 3704 820 3761 erpo
835 3682 962 3762 “singuli
985 3683 1101 3743 faciunt
1121 3677 1283 3744 sec'ulum.'’

184 3776 367 3852 “Quaelibet
381 3779 483 3838 mundi
509 3800 577 3856 [rurs
591 3795 634 3838 est
659 3779 832 3857 contingens
845 3780 870 3839 :'’
892 3801 959 3856 erpo
973 3779 1085 3840 “Totus
1100 3780 1284 3840 mundusne

183 3873 387 3952 contingens’'

225 3969 329 4030 Prima
342 3981 373 4032 et
386 3971 516 4032 secunda
531 3971 627 4033 illatio
642 3983 685 4033 est
699 3973 842 4052 pessima:
864 3974 953 4034 tertia
966 3973 1088 4053 optima.

225 4067 291 4128 202.
334 4068 635 4144 Quarto-Quando
649 4091 666 4128 a
676 4090 760 4148 posse
773 4069 812 4130 ad
827 4091 891 4142 mee,
902 4069 951 4132 vel
966 4077 1069 4142 omum,
1083 4068 1118 4130 fit
1131 4071 1282 4131 transitus.

187 4163 363 4224 Notandum
379 4175 479 4226 tamen
495 4175 546 4226 est

223 4261 329 4334 a)—A
343 4284 402 4323 aon
420 4263 555 4342 possead
570 4285 630 4324 nou
644 4283 700 4323 mae
715 4261 797 4324 valet
819 4264 932 4324 illatio:
955 4285 1014 4324 nou
1030 4265 1100 4324 item
1116 4285 1134 4324 a
1148 4285 1207 4324 non
1221 4285 1293 4336 asar,

182 4360 221 4418 ad
236 4379 293 4419 nort
305 4381 396 4437 poam.

676 4507 680 4516 .
704 4457 739 4516 21
