3138 4956
458 440 504 498 De
530 439 625 498 Tertia
648 440 756 498 Mentis
782 439 963 517 (lpcrotmrtc.
1148 395 1152 402 ι
1199 439 1256 497 321

153 633 259 692 sedulo
273 633 491 713 distinguenda.
522 635 579 696 Vel
595 636 673 694 enirn
685 655 781 694 sermo
796 645 838 695 est
852 635 889 694 de
899 636 1023 714 oiaqolt'e
1034 634 1255 714 qrtacetionibtu,

153 751 231 807 quae
246 731 283 790 ad
299 732 454 792 scientiam
470 733 602 810 aliquam
626 733 737 792 totalem
759 731 848 811 (puta
870 732 1119 812 Metaphysicam,
1135 729 1254 791 Mathe-

152 828 220 897 sim,
234 827 304 903 etc.)
322 829 415 888 veluti
431 839 528 906 partes
544 829 582 888 ad
598 841 703 902 totum,
718 841 947 908 comparantur:
971 830 1017 888 vel
1042 839 1084 890 est
1106 849 1202 888 sermo
1217 829 1254 887 dc

151 925 325 984 earumdem
355 925 539 985 ordinatione
562 937 592 985 et
619 933 771 998 structura,
797 947 856 1004 qua
882 927 910 985 in
940 948 1032 986 caum
1057 929 1140 1006 quasi
1167 933 1254 984 totam

153 1019 324 1080 conflantur
338 1033 367 1082 et
382 1011 528 1101 integram
543 1025 697 1082 scientiam
713 1023 845 1100 aliquam
863 1023 974 1082 totamm
988 1023 1180 1084 constituunt.

192 1117 223 1177 Si
252 1119 289 1178 de
314 1119 371 1178 hac
397 1120 505 1180 ultima
529 1122 639 1199 agitur,
669 1120 783 1180 utilitas
811 1119 991 1180 addiscentis
1015 1121 1195 1198 expostulat,
1218 1135 1251 1180 ut

151 1215 298 1292 spartana
319 1217 508 1277 adhibeatur.
554 1218 643 1276 ltatio
664 1226 723 1276 ut:
746 1218 817 1294 quia
839 1218 943 1294 nequit
964 1218 1045 1290 ordo,
1060 1217 1212 1276 distinctio
1226 1227 1256 1276 et

151 1315 230 1374 nitar
255 1315 389 1375 idearum
413 1317 442 1374 in
466 1327 563 1376 ruente
587 1315 725 1393 discipuli
752 1315 900 1393 progigni,
926 1315 981 1373 nisi
1003 1314 1188 1392 quaestiones
1213 1313 1255 1372 ita

151 1411 359 1489 disponantur,
374 1423 440 1473 uta
455 1412 699 1491 generalioribus,
713 1410 954 1489 simplicioribus,
963 1420 1053 1489 atque
1067 1411 1132 1470 ideo
1140 1411 1253 1490 factito-

149 1509 241 1580 ribus,
257 1509 376 1569 initium
391 1523 528 1570 sumatur
542 1531 580 1568 ex
596 1510 688 1588 iisque
702 1509 741 1568 ad
757 1509 851 1587 magis
866 1509 1038 1586 composita,
1050 1508 1256 1586 particularia,

151 1615 242 1682 atque
257 1605 323 1666 ideo
344 1606 516 1685 difficiliora,
531 1607 681 1685 gradatim
704 1606 890 1684 procedatur.
933 1605 1030 1684 Atqui
1051 1626 1202 1684 processus
1216 1605 1254 1664 ab
1335 1623 1337 1629 ·

152 1702 408 1762 universalior-ibus
421 1703 459 1762 ad
482 1705 580 1762 minus
603 1701 822 1773 universalio,a
843 1701 1021 1778 airrtplicibaa
1041 1702 1080 1760 ad
1102 1703 1255 1780 coraposito

150 1808 214 1856 etc:
229 1809 273 1858 est
283 1799 469 1877 Syadtcticrm.
512 1799 595 1878 Ergo
606 1801 636 1859 in
648 1799 778 1859 scientiis
789 1799 923 1858 totalibus
937 1799 1088 1858 tradendis
1099 1799 1253 1876 mediatae

154 1895 312 1954 methodus
326 1907 369 1955 est
383 1916 437 1974 pro
451 1897 622 1956 addiscente
636 1895 839 1974 opportunior.

191 1990 243 2050 Sin
259 2003 359 2051 autern
374 1993 412 2052 de
425 1994 549 2070 siapalia
563 1991 786 2071 quaestionibus
800 1992 909 2069 agitur,
922 2003 994 2051 tunc
1009 1993 1106 2070 potius
1120 2005 1254 2070 spectan-

152 2091 223 2148 dum
240 2091 305 2162 erit,
320 2091 394 2169 quid
416 2093 558 2170 cujusque
581 2089 756 2149 tractandae
778 2089 957 2167 quaestionis
980 2097 1088 2148 actara
1110 2089 1249 2167 postulat,

151 2187 256 2246 habita
284 2189 399 2248 ratione
426 2188 539 2248 ordinis
567 2199 597 2248 et
628 2188 849 2264 perspicuitatis.
891 2185 969 2246 Sunt
996 2187 1073 2244 enim
1104 2188 1252 2264 quaedam

148 2285 334 2360 quaestiones
349 2287 394 2354 (in
419 2285 613 2364 Metopltysioo
627 2296 656 2346 et
672 2285 796 2344 Mattiaci
817 2285 1004 2363 praesertim)
1020 2305 1097 2362 quae
1119 2285 1208 2344 facile
1222 2297 1250 2346 et

148 2381 285 2442 ordinate
309 2401 362 2460 per
386 2385 528 2460 unalysirn
557 2385 681 2444 tractari
707 2394 838 2461 possunt,
861 2395 891 2442 et
914 2384 956 2442 sic
981 2393 1127 2443 tractatae
1155 2387 1250 2462 magis

148 2477 362 2556 discipulorum
386 2481 501 2540 animos
524 2480 690 2558 percellunt
711 2491 742 2540 et
764 2481 905 2560 majorem
933 2479 1160 2540 delectationem
1183 2485 1250 2542 affe-

150 2586 238 2644 ruut;
260 2585 290 2634 et
304 2577 335 2634 in
351 2575 405 2636 hoo
420 2597 488 2636 (asu
511 2575 692 2636 adhibeatur
706 2575 852 2654 Aoolyais.
894 2575 972 2636 Sunt
986 2597 1056 2635 vero
1071 2577 1148 2636 aliae
1162 2599 1251 2656 quae·

148 2673 257 2730 stiones
283 2673 328 2739 (in
355 2673 464 2752 lapion
490 2673 660 2752 pracsertim
686 2685 716 2732 et
741 2673 770 2731 in
801 2673 923 2748 Morul')
949 2693 1025 2752 quae
1049 2673 1073 2732 si
1100 2674 1249 2753 analytice

149 2779 357 2842 tractarentur,
372 2772 402 2829 in
427 2771 530 2848 longae
555 2771 696 2848 ambages
718 2770 897 2848 Magistrum
914 2772 1179 2842 circumducerent,
1196 2794 1248 2831 nec

150 2866 217 2922 inde
230 2866 302 2925 satis
316 2866 462 2926 claritatis
473 2879 503 2926 ct
513 2867 626 2926 ordinis
641 2888 694 2949 pro
705 2866 860 2945 discipulis
874 2868 986 2944 sperari
1003 2879 1116 2944 pmset3
1132 2879 1161 2926 et
1177 2879 1247 2927 tunc

147 2960 185 3018 ad
202 2959 269 3020 illas
281 2962 439 3044 solvendas
452 2963 600 3040 Synthesis
615 2963 710 3040 magis
724 2962 870 3041 expediet

190 3055 272 3117 Haec
297 3058 472 3136 procedendi
497 3061 582 3132 ratio,
604 3079 680 3136 quae
703 3059 734 3117 in
757 3059 853 3118 forma
875 3059 1051 3136 disciplinae
1075 3061 1246 3122 instruenda

144 3152 296 3228 anamim
310 3154 443 3225 adhibet,
456 3156 486 3213 iu
500 3155 626 3233 singulis
637 3165 736 3214 autern
752 3155 975 3232 quaestionibus
984 3155 1147 3216 enodandis
1158 3158 1245 3217 modo

147 3250 306 3328 Amtlyaim,
320 3252 406 3312 modo
417 3252 585 3330 Syrttltraim,
602 3275 655 3332 pro
671 3254 711 3312 rei
728 3255 952 3332 opportunitate
966 3263 995 3312 et
1010 3265 1127 3326 natura,
1139 3255 1245 3314 bretto-

144 3345 199 3404 dua
208 3348 298 3406 rnicta
313 3361 512 3426 nuncupatur.
556 3349 599 3410 Ut
610 3361 710 3409 autem
723 3350 779 3409 rite
793 3349 981 3421 adhibeatur,
993 3369 1069 3428 quac
1078 3363 1244 3428 sequuntur

143 3453 300 3502 serventur
314 3444 441 3523 regulae.

187 3538 399 3602 Prima-Res
423 3543 618 3621 disceptanda
648 3544 775 3602 dilucide
798 3553 991 3621 proponatur,
1006 3563 1041 3602 ac
1063 3545 1242 3618 delinitione,

142 3655 220 3711 quae
234 3657 337 3695 acmen
352 3639 491 3715 explicet,
505 3659 523 3698 a
537 3639 660 3699 caeteris
673 3650 852 3700 secernatur.

173 3731 517 3810 Secunda-Quaestio
545 3738 578 3794 ia
600 3744 708 3814 partes,
737 3757 811 3814 cquae
840 3737 1056 3815 complectitur,
1084 3737 1242 3816 diligenter

143 3828 351 3888 distribuatur:
374 3852 450 3910 quae
479 3853 548 3892 vero
577 3843 675 3912 partes
697 3833 735 3892 ad
762 3833 942 3911 quaestionis
963 3833 1160 3893 &abstentiam
1183 3857 1240 3895 non

146 3925 303 4001 pertinent,
320 3939 486 3988 resecentur
499 3939 530 3987 et
544 3931 573 3988 in
589 3928 682 3988 alium
699 3929 797 4006 potius
813 3929 920 4000 locum,
934 3930 1120 3989 omittantur.

180 4022 503 4083 Tertia—Minatatim
517 4025 673 4096 elementa,
688 4045 764 4103 quae
783 4037 945 4096 remanent,
960 4027 1194 4086 consideratione
1208 4033 1241 4088 ia

139 4126 237 4193 portas
251 4141 346 4178 manes
360 4141 454 4192 versa,
468 4123 679 4198 eopertduatur.

180 4216 401 4290 Quarta—Ab
417 4218 451 4276 lis
466 4217 519 4277 liat
535 4219 724 4296 principium,
739 4240 815 4296 quae
829 4221 926 4278 lumea
940 4221 1197 4297 retiqatsallbruut
1211 4235 1240 4282 et

675 4315 710 4373 41
