3358 4952
498 533 545 592 Dc
565 533 699 594 δεσιιηᾶα
721 533 827 594 Martiis
853 533 1035 612 Operatione.
1260 525 1316 588 125

260 727 428 807 Propositio
442 728 569 788 modalis
583 705 639 789 erit
653 729 826 808 cffirrnotioo
838 728 886 790 vel
901 728 1044 806 osquam,
1058 737 1148 807 prout
1162 725 1267 786 modus
1281 723 1317 782 de

218 825 304 886 Dicto
325 825 492 886 affirmatur
507 826 554 887 vel
576 837 710 905 negatur.
753 825 837 886 Hinc
851 825 1013 905 propositio
1028 823 1260 885 haec'“Necesse
1274 833 1317 882 est

215 923 349 982 aniciam
374 943 433 982 non
456 944 516 984 esse
539 924 714 984 materiam’'
729 923 912 984 affinnativa
933 932 985 996 cst„
1000 923 1116 983 tametsi
1140 922 1259 982 Dt‘etrun
1279 920 1317 980 sit
1361 951 1363 958 v

218 1021 382 1098 propositio
395 1020 663 1100 negativas-Item
679 1021 736 1080 erit
749 1041 816 1079 vcro
831 1017 878 1080 vel
886 1019 976 1097 sclao,
990 1029 1081 1098 prout
1095 1018 1199 1077 modus
1213 1037 1317 1076 convc-

218 1119 263 1177 nit
278 1118 372 1190 Dicto,
387 1118 435 1179 vel
449 1139 539 1178 setius.
582 1118 666 1178 Hinc
689 1117 850 1196 propositio
864 1117 938 1176 haec
953 1115 1055 1177 “Deus
1077 1115 1222 1175 mundum
1238 1133 1316 1174 ‹orea-

218 1214 263 1273 vit
277 1213 440 1274 necessario
450 1215 476 1274 :’'
498 1214 574 1274 falsa
588 1225 640 1286 est,
655 1213 793 1292 quamvis
807 1213 926 1272 Dictum
939 1212 978 1272 sit
987 1227 1104 1272 nerum.

258 1308 308 1368 Ex
325 1309 476 1388 bucusque
490 1310 578 1370 dictis
591 1310 671 1371 circa
685 1309 914 1389 propositionem
930 1308 1088 1380 modalem,
1102 1327 1179 1386 quoe
1192 1325 1316 1384 sequun-

144 1410 158 1432 ⁶
218 1419 278 1478 tur,
291 1406 448 1484 intelliges.

258 1504 324 1562 161.
368 1501 640 1575 Primo.-—M0dus‚
651 1503 702 1582 qui
717 1502 895 1562 enunciutnr
909 1502 946 1562 de
961 1501 1061 1574 Dicte,
1073 1511 1153 1562 tenet
1168 1501 1196 1559 in
1212 1519 1316 1579 propo

216 1601 325 1662 sitione
339 1601 451 1661 modali
465 1601 564 1662 locum
575 1599 742 1679 praedicati
749 1621 760 1670 ,·
783 1599 908 1660 Dictum
922 1619 993 1660 vero
1007 1619 1059 1660 sen
1073 1598 1172 1678 potius
1194 1596 1315 1659 Verbum

220 1699 300 1759 Didi
314 1709 393 1759 tenet
406 1698 504 1759 locum
525 1698 700 1776 principalis
712 1696 854 1777 subjecti3
875 1706 905 1756 et
918 1696 985 1756 ideo
999 1696 1029 1755 in
1051 1695 1232 1756 infinitivum
1249 1713 1316 1753 con·

219 1796 356 1864 uertitur,
371 1796 443 1874 quia
458 1794 541 1854 verbi
566 1793 758 1867 infinitivum,
774 1794 873 1872 potius
887 1813 1004 1866 nomen,
1019 1813 1108 1872 quam
1125 1790 1248 1853 verbum
1265 1803 1314 1850 ist.

215 1893 262 1952 Cf.
277 1893 306 1952 S.
322 1891 377 1953 Tb.
392 1892 473 1952 Sum.
490 1891 565 1970 Lug.
582 1891 633 1968 (de
656 1890 785 1951 Nomine
799 1903 829 1952 et
842 1891 879 1951 dc
902 1889 1029 1975 Verbo).
1069 1889 1231 1968 Srtlneaom
1245 1908 1315 1947 vero

214 2001 245 2050 ct
259 1989 466 2050 Proedrbotnm
481 1989 562 2048 Dr'cti
577 1989 609 2064 (i.
624 2009 648 2048 e.
664 1988 871 2066 propositionis
885 1987 1054 2062 absolutae)
1065 1987 1207 2048 dicuntur
1220 1986 1316 2044 aniona

211 2087 403 2166 primipolio.
843 2065 851 2084 ’

260 2185 325 2244 162.
360 2183 774 2262 *Secundo—Propositiouss
802 2203 904 2244 omnes
931 2183 1073 2254 modales,
1101 2181 1170 2243 licet
1198 2182 1315 2240 Dictum
1366 2217 1375 2223 1-

218 2282 385 2342 universale
406 2281 446 2342 sit
467 2290 521 2340 aut
543 2279 734 2359 particulare,
748 2290 818 2340 sunt
841 2301 944 2359 reapse
956 2281 1126 2364 mnyomrps.
1169 2278 1259 2352 Nam,
1284 2291 1316 2339 ut

215 2377 347 2437 advertit
368 2377 397 2438 S.
423 2376 570 2437 Thomas:
593 2377 795 2438 “Etrunciatio
816 2378 928 2438 dicitur
949 2378 1118 2458 singularis.
1133 2379 1204 2458 quia
1227 2378 1257 2437 in
1281 2397 1316 2438 es

214 2474 374 2536 subiicitur
394 2474 555 2554 singulare,
569 2495 619 2535 seu
642 2476 786 2535 temrinus
800 2475 969 2555 singularis,
984 2486 1019 2536 ut
1034 2497 1061 2536 v.
1076 2497 1104 2554 g.
1120 2474 1237 2534 “Sortes
1252 2495 1316 2534 eur·

218 2571 284 2631 rit’'
305 2570 362 2632 Sed
378 2571 532 2631 intralibus
546 2571 879 2650 enunciationibus(sc:
895 2573 1078 2650 modalibus)
1089 2572 1246 2650 subjicitur
1261 2573 1316 2632 hoc

125 2717 130 2725 .
214 2667 329 2727 dictum
354 2670 509 2746 sipontum,
534 2689 580 2728 so:
603 2674 739 2730 “omnem
765 2670 917 2730 hominem
941 2671 1087 2744 currere‚''
1113 2671 1191 2750 quod
1217 2683 1314 2732 totum

214 2763 371 2842 accipitur,
386 2774 421 2825 ut
433 2785 488 2843 pro
503 2785 562 2825 uno
576 2766 704 2826 termino
717 2766 842 2846 signato.
884 2766 996 2828 Omnes
1009 2787 1079 2846 ergo
1093 2768 1168 2828 tales
1178 2769 1316 2828 enuncia·

215 2860 308 2920 nones
335 2872 405 2922 sunt
425 2863 614 2940 sinpnlnrss’'.
657 2863 850 2925 Revocemus
872 2864 929 2925 hae
949 2865 988 2926 ad
1016 2865 1094 2925 hanc
1114 2863 1315 2926 formulam-

356 2959 518 3019 “Identitos
532 2959 579 3021 vel
601 2960 751 3021 divonem
772 2961 841 3021 boec
862 2963 906 3022 est'
927 2964 1087 3022 acassam
1108 2960 1181 3022 etc.’'
1254 2972 1257 2980 '

254 3054 417 3134 Subiungit
439 3068 539 3116 tamen
553 3057 582 3116 S.
609 3057 739 3118 Ductor:
761 3056 817 3117 “In
833 3058 1002 3119 modalibus
1024 3077 1095 3119 vero
1116 3059 1153 3118 de
1178 3079 1218 3130 re,
1233 3071 1262 3117 et
1285 3059 1312 3116 in

215 3153 270 3224 his,
299 3173 376 3232 quae
411 3153 551 3214 videntur
587 3154 717 3215 modales
744 3163 774 3215 et
808 3176 866 3216 non
895 3165 975 3229 sunt,
1002 3155 1130 3216 sumitur
1163 3155 1315 3234 quantitas

217 3249 441 3326 (universalitas
454 3269 501 3310 sc:
523 3260 553 3312 et
575 3250 811 3330 particularitas)
833 3252 994 3313 secundum
1017 3251 1096 3331 quod
1111 3254 1144 3312 in
1158 3251 1232 3310 dieto
1246 3263 1315 3310 sunt

216 3345 334 3424 termini
359 3346 405 3406 vel
427 3347 521 3426 signa.
563 3347 654 3410 Unde
676 3347 749 3438 haec
772 3349 929 3427 “possibile
952 3358 996 3410 ast
1016 3369 1134 3410 omnem
1163 3349 1312 3409 hominem

215 3441 350 3501 currere''
365 3453 408 3502 est
430 3445 617 3514 animantia·
638 3455 668 3504 et
688 3443 762 3504 hacc
776 3445 934 3524 “possibile
948 3456 991 3506 est
1012 3444 1140 3525 aliquem
1164 3445 1312 3505 hominem

107 3535 109 3538 ’
214 3539 351 3599 currere’'
380 3549 423 3600 est
446 3539 643 3617 particularis.
686 3539 840 3620 Perpende
867 3541 1025 3602 discrimen
1053 3543 1132 3602 inter
1160 3541 1213 3602 has
1240 3542 1315 3602 diras

216 3635 448 3714 propositiones:

337 3732 483 3793 “Omnem
500 3733 649 3794 bominem
665 3755 782 3795 currere
796 3743 840 3795 cst
853 3735 1011 3815 possibile’'
1033 3736 1149 3796 Modnl‘

338 3829 501 3890 “Possibile
515 3840 558 3891 est
572 3851 688 3891 onlnem
711 3831 863 3892 horninem
878 3833 1014 3892 currere'’
1036 3833 1105 3893 Non
1120 3833 1248 3894 diodoli-s

216 3924 251 3984 ln
267 3925 357 4004 priori
382 3926 572 4004 praalicatur
586 3927 694 4000 osorius,
709 3927 740 3986 in
764 3929 918 4006 posteriori
940 3927 1067 3988 dictant:
1088 3931 1227 4008 quoniam
1246 3953 1315 3990 vcro

211 4019 434 4083 “tlonominatio
447 4025 524 4083 sumi
540 4023 628 4084 debet
642 4025 784 4103 insonnem·
805 4025 931 4085 formale
946 4036 1045 4086 autem
1061 4027 1089 4084 in
1107 4027 1314 4088 ommistione

212 4131 255 4179 est
272 4119 484 4197 praedicatum,
499 4130 528 4180 et
551 4119 616 4180 ideo
631 4140 650 4179 a
663 4119 836 4199 praedicato
849 4121 938 4182 debet
958 4121 1142 4180 donominati
1155 4123 1180 4194 ;'’
1204 4123 1313 4182 idcirco

214 4217 294 4296 prior
309 4227 352 4277 est
366 4218 493 4278 modalis
507 4227 537 4278 et
553 4219 722 4298 singularis,
736 4219 881 4298 posterior
894 4240 952 4279 non
975 4231 1017 4279 cst
1043 4221 1175 4279 rmolnlis.
1219 4221 1264 4281 Cf.
1279 4223 1308 4282 S.

210 4313 266 4375 Th.
283 4315 317 4392 (l.
332 4336 356 4375 c.
372 4335 396 4376 c.
414 4315 459 4375 11.
474 4315 545 4375 item
560 4337 584 4376 c.
601 4316 663 4391 12.)

254 4413 318 4473 163.
361 4411 741 4496 Tertio-Observandum
763 4420 862 4474 tamon
879 4423 921 4472 ost
943 4436 989 4492 opo
1003 4413 1019 4471 «l
1044 4413 1109 4472 lior
1129 4415 1158 4472 in
1180 4416 1313 4495 saliceto

214 4509 377 4587 prinapal'
398 4509 460 4586 (sc:
484 4502 593 4588 copula
614 4508 702 4584 dicti)
725 4529 784 4570 non
809 4509 973 4589 reperiatur
998 4511 1159 4589 (pinnatus,
1175 4533 1250 4592 quae
1272 4523 1316 4574 est
