3358 4952
459 371 513 431 104
950 375 1068 453 Loyioo.

453 569 559 643 flendo,
573 570 669 631 altera
690 582 820 632 venatur
840 563 1039 632 definitionem
1061 593 1274 650 permeatorem
1294 594 1341 634 sc:
1363 595 1382 634 a
1395 573 1558 653 singulari·

386 707 389 716 ·
455 668 509 728 bus
523 669 562 729 ad
578 667 760 729 universalia
773 669 966 730 ascendendo.

494 765 581 825 Prior
608 766 681 825 baec
708 765 930 826 eat—Assume
958 766 997 838 id,
1024 767 1103 845 quod
1132 775 1210 827 certe
1237 767 1424 828 communius
1451 779 1495 828 eet
1524 787 1558 826 re
1606 769 1612 779 ’

454 863 640 942 definienda:
663 862 719 923 hoc
733 862 834 924 divide
848 863 879 922 in
893 884 961 923 auae
983 879 1081 943 partae
1095 864 1282 943 subjectivae.
1324 865 1356 925 si
1373 885 1431 924 una
1447 886 1484 924 ex
1507 863 1556 924 bis

453 959 603 1040 speciebus
618 980 685 1020 cum
702 979 733 1019 re
746 959 869 1020 delinita
884 961 1092 1038 reciprocatur,
1105 961 1178 1022 baec
1192 961 1249 1022 erit
1263 961 1395 1022 delinitio
1410 961 1555 1040 quaesita.

454 1061 484 1119 si
511 1079 580 1118 vero
605 1057 690 1117 nulla
715 1057 921 1136 reciprocetur,
946 1057 1049 1137 aliqua
1074 1070 1173 1118 tamen
1200 1059 1245 1118 illi
1271 1061 1445 1128 conveniat;
1475 1059 1556 1118 banc

457 1157 593 1217 ultimam
608 1154 717 1226 divide,
732 1166 770 1224 et,
784 1156 808 1214 si
823 1175 897 1232 opus
911 1156 1010 1226 luerit,
1025 1155 1191 1228 subdivide,
1206 1156 1300 1216 donec
1314 1155 1481 1235 complexio
1495 1155 1554 1214 dif-

456 1251 644 1312 l'ercntialmn
667 1261 805 1311 notarum
830 1254 978 1311 numine
1000 1262 1089 1312 auctu
1111 1252 1297 1313 solummodo
1325 1253 1483 1312 conveniat
1512 1252 1556 1310 rci

455 1351 629 1429 propositae.
672 1346 808 1408 Habebis
822 1348 1023 1408 definitionem
1041 1351 1215 1428 quaesitam.

493 1446 630 1508 Secunda
642 1446 714 1506 haee
728 1455 780 1506 est.
822 1446 985 1506 Considera
994 1447 1160 1519 individua,
1172 1447 1280 1526 quibua
1292 1445 1437 1508 tribuitur
1447 1469 1552 1508 nomn

456 1547 494 1605 rei
510 1543 703 1624 definiendae,
714 1554 744 1604 et
758 1543 899 1622 neglectio
914 1544 1145 1624 particularibus
1159 1545 1467 1618 determinationibus,
1481 1565 1554 1606 eruc

455 1643 594 1702 rotimum
607 1661 781 1701 cominunem
800 1637 939 1701 omnibus
952 1661 987 1701 ao
1007 1641 1128 1726 nomine
1149 1641 1356 1720 significatam.
1398 1641 1430 1702 si
1444 1661 1483 1701 ex
1497 1641 1554 1702 tali

455 1738 678 1798 individuorum
713 1736 947 1796 consideratione
975 1758 1065 1796 urtam
1100 1746 1217 1798 tantum
1248 1738 1391 1798 rationem
1421 1737 1556 1796 ornnibna

454 1855 628 1896 communem
652 1835 771 1908 erueris,
787 1835 862 1895 ratio
889 1835 1012 1896 inventa
1037 1836 1093 1896 erit
1113 1839 1217 1914 npeeioa
1243 1836 1342 1916 infima
1367 1846 1396 1896 et
1421 1835 1556 1896 delinitio

455 1933 603 2012 quaesita;
625 1933 648 1991 ai
670 1941 770 1992 autem
795 1931 894 2010 plures
918 1932 1082 2004 inveneria;
1103 1932 1228 1992 observa
1252 1953 1291 1992 an
1317 1932 1373 1992 hae
1396 1932 1425 1990 in
1451 1931 1556 2010 aliqua

454 2031 565 2090 ratione
578 2031 768 2090 communiore
782 2029 978 2100 conventuum
999 2029 1022 2089 si
1037 2028 1094 2089 boc
1109 2029 1275 2108 contigerit,
1290 2028 1414 2090 habebis
1429 2029 1553 2090 totidem

454 2127 563 2208 speclea
578 2126 694 2188 infimas
714 2126 829 2205 generis
844 2127 940 2198 unius,
955 2135 985 2186 ot
999 2127 1055 2187 boc
1069 2147 1214 2186 comnnmc
1228 2125 1359 2185 monibus
1373 2125 1430 2185 crit
1450 2123 1556 2186 Genus

453 2237 482 2286 et
496 2223 629 2286 definitio
639 2224 792 2303 quaoeita;
812 2223 857 2282 sin
873 2233 972 2283 autem
988 2243 1046 2283 non
1063 2223 1175 2282 habent
1189 2221 1304 2302 aliquid
1319 2223 1348 2280 in
1363 2241 1422 2300 quo
1436 2223 1556 2280 unioooe

454 2323 641 2394 conveniant,
655 2321 757 2382 variae
772 2320 842 2380 illae
856 2321 983 2382 rationes
995 2332 1084 2381 eruut
1099 2321 1250 2399 uituloyoe,
1261 2339 1389 2398 quarum
1404 2337 1555 2396 unaquae-

454 2441 511 2501 que
526 2419 677 2500 propriam
697 2417 821 2478 babebit
834 2417 1045 2479 definitionem.
1088 2417 1135 2478 Dc
1150 2417 1207 2477 hac
1223 2438 1253 2478 re
1266 2437 1362 2478 sermo
1377 2415 1486 2476 redibit
1501 2414 1553 2476 ubi

455 2517 492 2577 de
506 2515 650 2576 Methodo
664 2535 793 2594 agemus.
835 2515 882 2574 ef.
897 2515 1061 2574 Auctorem
1078 2513 1141 2591 (nn.
1158 2513 1205 2574 25.
1221 2513 1325 2586 35).-

495 2613 585 2690 Quod
608 2613 651 2692 (n.
668 2611 729 2687 ll.)
745 2611 830 2672 nobis
851 2631 1107 2691 proposueramua
1130 2609 1195 2671 Deo
1216 2619 1245 2670 et
1269 2609 1320 2670 ὃς.
1342 2609 1440 2670 Corde
1464 2609 1554 2670 desua

454 2709 630 2782 auxiliante,
644 2707 862 2788 praestitimus:
884 2715 1018 2768 remanet
1038 2727 1127 2781 nuuc,
1143 2715 1177 2768 ut
1189 2707 1350 2768 secundam
1366 2709 1472 2767 mentis
1485 2727 1554 2786 ope-

455 2807 598 2870 rationem
613 2806 830 2868 coueideremua
843 2825 968 2885 eamque
981 2805 1021 2865 ad
1036 2805 1153 2866 tertiam
1170 2803 1382 2865 coordinemus.
