3074 4954
383 414 431 476 De
449 415 585 476 Secundo
605 413 714 476 Mentis
731 415 914 494 (ipmutioue

403 610 439 669 In
456 609 628 670 Exclusivis
642 609 747 670 eoelum
760 609 892 688 &object

187 775 193 836 ι
214 782 241 818 n.
243 792 283 799 —
354 759 443 818 “Non
457 759 532 818 coloe
546 759 626 818 honre
641 765 678 818 eet
692 757 873 835 intellipene”

282 839 338 898 Fxo
352 840 531 948 pffirmotr'to,
547 849 576 898 et
590 839 750 916 exponitur
765 838 942 916 dissuetudo,
955 859 1002 897 ee:

352 919 430 978 “Vel
445 919 554 998 aliquis
568 918 657 978 homo
672 939 731 978 non
746 929 790 978 est
804 918 989 997 intelligens:

144 1044 161 1076 =
352 999 398 1060 vel
414 999 538 1078 aliquid,
553 999 632 1075 quod
647 1010 764 1058 nonest
780 999 876 1070 homo,
890 1009 935 1059 eet
948 999 1145 1078 intelligens.u

144 1081 281 1139 b—
352 1080 453 1140 “Solus
476 1079 556 1138 Dcue
569 1101 628 1139 non
642 1079 873 1138 tubertinum

134 1165 140 1176 “
154 1227 158 1232 ,
283 1159 339 1220 Est
352 1162 494 1236 rrepntinu,
509 1170 539 1219 et
552 1160 661 1238 exponi
663 1169 713 1218 tur
726 1159 953 1237 ωριιίαίὶιιε,ιιοι

180 1243 194 1321 ζ
351 1240 454 1299 “Deus
468 1260 527 1299 non
543 1240 704 1299 hebet't
648 1241 689 1300 mi
692 1240 783 1299 tium:

132 1323 161 1408 '¹
352 1333 382 1380 et
395 1341 491 1392 omne,
505 1321 585 1398 quod
600 1341 659 1379 non
674 1329 718 1380 est
732 1319 823 1393 Deus,
838 1319 952 1380 habet
944 1319 1091 1380 mitium’

215 1423 279 1460 c.-
354 1401 444 1460 “Non
464 1401 553 1459 solum
568 1401 682 1459 animal
694 1421 753 1459 non
767 1407 806 1460 eet
819 1421 917 1460 cenete
931 1401 1040 1479 copon”

133 1473 140 1492 ⁸
285 1481 339 1540 Est
353 1483 486 1556 nepetino
500 1491 530 1540 et
543 1480 704 1558 exponitur
718 1479 896 1558 disjunctive,
907 1501 953 1541 so:

331 1619 333 1622 .
353 1561 431 1620 “Vel
447 1560 569 1639 aliquod
584 1561 697 1620 animal
713 1572 756 1620 eet
769 1581 869 1634 seusus
883 1581 918 1621 ce
940 1581 997 1621 ex:

192 1723 197 1786 Ι
352 1641 399 1700 vel
421 1641 545 1720 aliquid,
566 1641 645 1720 quod
669 1661 727 1699 non
748 1651 793 1701 eet
813 1582 939 1714 animai:
952 1661 1009 1700 nou
1031 1656 1073 1701 eet
1095 1663 1193 1700 sensus

353 1721 478 1800 eopex.'’

399 1868 433 1926 In
450 1868 610 1927 exclusivis
624 1869 729 1927 eodeni.
738 1867 903 1946 praedicati

198 2040 202 2046 ’
216 2057 242 2092 ιι
245 2066 284 2073 -
354 2032 469 2091 “Homo
484 2039 523 2091 eet
538 2053 596 2091 non
605 2053 701 2109 porus
715 2031 859 2109 Spiritu?
987 2080 989 2084 .

284 2113 339 2172 Est
355 2113 463 2206 infiniti
477 2112 650 2190 praedicati,
662 2111 794 2190 adeoque
805 2121 895 2190 negat
883 2112 945 2171 tiva
956 2125 986 2170 et
997 2133 1063 2171 eum
1076 2133 1194 2190 eerpreu-

352 2194 374 2253 ti
392 2192 528 2252 identice

215 2275 282 2335 b.—
354 2273 486 2333 “Homo
483 2294 543 2332 nou
556 2279 596 2331 cot
604 2293 702 2364 porus
714 2272 859 2350 ιῖρὶνιῖιιιΗ

285 2354 340 2414 Est
353 2356 487 2464 peqotiua
501 2362 531 2412 et
544 2353 706 2431 exponitur
719 2353 906 2430 disjunctive:

353 2433 432 2498 “Vel
446 2433 536 2493 homo
551 2453 609 2492 non
625 2443 668 2492 eet
681 2433 819 2511 spiritus:

355 2513 402 2574 vel
417 2513 507 2573 homo
518 2523 561 2572 est
575 2513 689 2592 aliquid
705 2513 787 2572 eliud
803 2523 921 2591 praeter
934 2513 1100 2592 spiritum.''

216 2617 279 2654 c.-
354 2595 518 2654 “Pereonac
533 2592 650 2652 divinoe
664 2613 723 2652 non
736 2599 803 2652 eunt
817 2614 876 2652 oon
891 2599 1004 2652 tontum
1019 2594 1100 2653 tree.”

285 2675 340 2735 Est
354 2674 525 2753 offinnatioc
547 2673 565 2733 i.
588 2695 612 2732 e.
655 2673 821 2732 “Personae
842 2673 963 2733 divinae
984 2683 1054 2734 sunt
1076 2685 1194 2734 tentum

354 2767 412 2814 tres
422 2755 448 2825 ;”
470 2753 632 2832 exponit-ur
646 2765 791 2832 utsupra„

143 2135 162 2236 ι’

133 2235 162 2278 m

133 2293 162 2334 ἦ)

132 2321 173 2420 ᾖ

132 2449 162 2527 ἕ

143 2532 172 2634 {2

132 2631 163 2696 2,

180 2433 205 2831 f—.—d

136 2936 203 2996 176.
247 2934 414 3013 Propositio
429 2934 583 3012 disceptem
597 2935 732 2994 excludit
746 2954 764 2993 a
779 2934 1008 3014 participatione
1031 2936 1193 3014 pror-diruti

96 3051 187 3091 unum
206 3031 253 3092 vel
276 3031 373 3110 plura,
388 3050 464 3109 quae
479 3031 509 3090 in
524 3031 694 3092 extensione
708 3029 832 3109 subjecti
857 3033 1055 3104 continentur,
1071 3032 1099 3090 id
1116 3033 1193 3110 quod
1254 3023 1257 3032 '

94 3131 185 3190 efficit
201 3150 254 3208 per
269 3128 448 3208 perticulam
463 3129 660 3207 excipientem
670 3135 797 3206 praeter,
813 3139 846 3188 ut
862 3150 888 3188 v.
903 3150 931 3207 g.
946 3149 1015 3188 eum
1030 3128 1113 3188 dieo:

232 3225 404 3303 “Quicquid
419 3225 521 3286 existit
534 3235 578 3286 est
591 3226 774 3304 contingens,
789 3237 907 3304 praeter
921 3225 1020 3286 Deum
1034 3226 1060 3284 :'’

94 3322 267 3400 exponitur,
283 3332 316 3381 ut
330 3323 479 3395 exclusiva,
493 3323 534 3382 eie
825 3307 827 3314 ,

139 3416 311 3476 l.-“Deus
325 3438 383 3476 non
399 3429 443 3478 eet
457 3417 520 3478 Ens
535 3419 708 3498 contingens
718 3419 743 3492 ;'’

138 3513 271 3575 2.-⁴‘Er
284 3536 379 3586 omne,
395 3516 474 3594 quod
488 3517 598 3590 existit,
613 3537 667 3577 neo
681 3528 724 3578 est
746 3517 837 3591 Deus,
852 3529 895 3578 eet
917 3518 979 3578 Eue
994 3519 1195 3598 contingeus.’'

95 3615 270 3692 nitroertitur
282 3616 315 3672 in
330 3614 508 3686 exclusivum,
520 3615 599 3674 unde
612 3615 649 3674 de
663 3615 736 3694 ipse,
748 3635 824 3694 quoe
838 3615 1081 3694 supradiximus,
1097 3617 1195 3677 dicito.

138 3709 320 3783 Exclusivis‚
335 3711 382 3771 vel
397 3712 560 3790 exeeptivis
575 3711 663 3794 uelde
677 3712 779 3772 affines
793 3723 862 3772 sunt
876 3713 1089 3791 propositiones
1106 3715 1115 3770 i
1118 3735 1197 3791 recep)-

97 3810 172 3866 tione
186 3795 394 3878 vel'dcn'tiooe,
409 3807 575 3886 eujusmodi
588 3819 659 3868 sunt
673 3808 761 3868 istae:

221 3903 337 3964 “Sortes
352 3905 405 3962 toli
419 3904 466 3964 die
481 3904 592 3984 incepit
605 3905 679 3964 iter'’
695 3904 713 3964 i.
728 3925 752 3964 e.
767 3926 818 3964 nee
832 3913 907 3979 onte,
922 3926 972 3965 uec
983 3913 1054 3984 poet,

220 4001 307 4060 “Tali
328 4020 408 4060 anno
422 4002 548 4062 cessavit
568 4001 675 4080 pestis'’
691 4003 709 4060 i.
725 4023 749 4062 e.
764 4023 815 4062 oce
830 4011 904 4076 note,
919 4023 970 4062 cce
978 4010 1052 4080 post.

139 4099 207 4158 177.
248 4097 416 4176 Propositio
445 4097 646 4176 comparativa
660 4119 720 4158 non
735 4099 822 4159 modo
837 4098 967 4159 affirmet
990 4099 1193 4178 praedicatum

96 4195 256 4255 convenire
283 4194 374 4255 elicui
402 4195 544 4274 subjecto,
569 4194 619 4255 sed
647 4195 737 4255 etiem
766 4196 897 4256 affirmet
918 4197 944 4256 ei
967 4197 1125 4257 convenire
1148 4198 1195 4257 vel

97 4295 201 4370 inopen,
213 4293 258 4352 vel
274 4296 378 4365 ruitum,
392 4293 437 4352 vel
453 4293 664 4372 aequaliterne
675 4293 761 4353 elteri
776 4292 915 4372 subjecto.
945 4293 1149 4368 Quamobrem
1165 4297 1195 4354 iu
