3118 4956
326 433 383 492 226
821 435 937 513 Lopica.

322 627 478 706 significet,
504 639 623 706 propter
645 628 786 688 diuersam
808 629 1019 689 ordinationem
1044 629 1185 708 partium,
1208 639 1357 708 quatenus
1374 651 1418 688 sc:

324 743 384 782 rina
399 723 560 802 cedentque
574 723 664 784 dictio
679 735 869 812 construetur
883 745 950 785 cum
966 725 1028 785 elio
1043 727 1199 798 transitive,
1214 725 1262 786 vel
1284 727 1420 785 intromi-

322 822 384 892 tim,
400 832 434 880 ut
453 821 476 880 si
498 821 565 900 quis
584 821 695 882 diceret
710 843 737 882 v.
758 845 786 901 g.
828 823 999 902 “Quicquid
1022 823 1104 884 videt
1124 824 1242 903 uliquis,
1256 824 1307 884 ltoo
1321 825 1416 885 videt:

324 920 407 997 uului
432 919 603 978 ‹erolumnum
629 919 729 980 vides:
761 941 832 998 crgo
857 919 996 980 columna
1021 921 1121 980 videt”
1136 933 1190 981 out
1214 922 1303 981 etiam
1330 921 1420 981 “istae

324 1016 443 1076 arbores
456 1026 526 1075 sunt
541 1003 678 1094 Episcopi
686 1039 695 1074 :
711 1017 849 1095 Epvmmpi
863 1027 962 1077 autem
978 1029 1048 1077 sunt
1062 1019 1247 1078 sacerdotes:
1268 1039 1339 1097 ergo
1349 1020 1421 1079 istae

325 1114 445 1196 erbores
470 1126 539 1174 sunt
563 1113 736 1174 sacerdotes.
781 1116 851 1190 Quo
876 1115 905 1172 in
933 1135 964 1173 re
989 1115 1222 1175 “attendendum
1248 1124 1301 1188 est,
1325 1115 1370 1176 eit
1392 1115 1421 1174 S.

324 1211 463 1282 'l'homus
477 1211 556 1290 quod
578 1210 727 1270 diversitos
740 1233 858 1270 metunt
884 1212 1010 1290 pertinet
1036 1211 1074 1271 ad
1100 1211 1252 1272 fallaciam
1278 1211 1421 1291 amphibo-

281 1352 284 1360 .
324 1310 424 1384 leptim,
439 1309 510 1386 quie
532 1328 616 1368 cessus
637 1307 778 1368 accidunt
800 1308 932 1380 dictioni,
956 1308 1119 1368 secuudum
1143 1308 1222 1388 quod
1247 1313 1421 1369 mostrreitor

324 1428 386 1465 reum
401 1406 461 1464 olio
476 1405 619 1474 dictione,-
640 1405 790 1464 diversitate
803 1426 874 1484 rcro
889 1406 1012 1465 oliorum
1027 1406 1218 1465 arridentium
1240 1407 1368 1484 pertinet
1381 1406 1418 1466 ed

323 1504 586 1582 aequinomtiooem‚
600 1501 672 1579 quio
692 1501 753 1560 elie
767 1501 933 1562 accidentia
955 1501 1096 1562 aonidont
1110 1501 1244 1575 dictioni,
1257 1501 1418 1562 seeundum

320 1599 402 1677 'quod
420 1603 451 1658 in
465 1620 493 1659 so
507 1597 882 1658 consideretur.’'-Tertia
901 1599 1011 1677 species
1033 1611 1085 1670 est,
1099 1599 1221 1677 quaudo
1242 1618 1303 1658 una
1327 1600 1422 1659 oratio

322 1695 525 1773 pritmipoliter
547 1695 695 1774 significet
723 1715 825 1768 unum,
850 1695 1037 1773 otetuploorice
1062 1715 1132 1756 vero
1157 1695 1260 1767 eliud;
1280 1705 1315 1756 ut
1339 1715 1367 1755 v.
1391 1718 1420 1770 g·

323 1793 418 1852 oratio
440 1792 512 1851 huet·
526 1791 647 1851 “littus
670 1791 784 1864 urere,’'
804 1793 923 1870 proprie
948 1791 1076 1852 “littoris
1100 1793 1243 1852 scisuram
1255 1793 1280 1864 ;’'
1306 1794 1420 1870 tropice.

324 1895 462 1967 “operum
480 1888 617 1966 perdere”
631 1888 828 1966 significate·
992 1953 998 1966 ‚

364 1984 612 2064 ,ilepuiuocatiooiu
625 1994 655 2043 et
669 1985 865 2062 timbiput'tztio
878 1985 1061 2064 sophismate
1083 2007 1199 2064 semper
1219 1985 1423 2046 adhibuerunt

323 2092 352 2140 et
366 2081 474 2158 possim
486 2079 631 2140 adhibent
644 2079 795 2152 haeretici,
807 2081 977 2159 pracsertim
993 2101 1061 2142 oum
1078 2082 1200 2161 propria
1209 2101 1264 2142 sue
1278 2081 1420 2161 dogmate

323 2177 374 2236 ss.
388 2177 610 2256 Scripturerum
625 2188 655 2236 et
664 2177 788 2237 Putrum
803 2178 978 2239 testimoniis
989 2199 1040 2258 pcr
1053 2199 1203 2239 summum
1219 2179 1302 2239 nefas
1316 2179 1422 2239 firlcire

324 2285 489 2346 conantum
510 2271 541 2333 int
564 2275 649 2334 irrito
671 2273 760 2353 plane
781 2285 898 2335 conatu.
942 2275 986 2336 Ut
1007 2276 1085 2335 cuim
1111 2276 1260 2355 sapienter
1282 2276 1420 2336 observet

323 2373 529 2450 Augustinus;
551 2369 732 2431 “Rarissime
745 2381 775 2430 et
788 2369 964 2431 difficillime
978 2383 1074 2450 potest
1095 2371 1223 2434 inveniri
1238 2371 1420 2450 ambiguitas

324 2471 353 2530 in
379 2470 510 2548 propr-iic
535 2467 641 2539 verbis,
655 2479 800 2546 quantum
823 2467 860 2528 ad
885 2467 976 2529 libros
998 2469 1172 2530 divinarum
1197 2467 1420 2547 scripturarum

323 2576 444 2645 spectet,
459 2585 549 2644 quarn
565 2584 622 2624 non
637 2567 913 2624 autoireumntuotiu
927 2569 1220 2645 immemoremque
1233 2565 1421 2644 cognoscitur

325 2663 475 2742 scriptoris
486 2663 621 2734 intentio,
633 2671 686 2721 eut
700 2663 889 2739 interpretum
900 2664 1085 2734 collatinam
1096 2663 1295 2740 praecedentis
1305 2663 1423 2741 lioffltoe

325 2761 423 2820 solvet
436 2758 600 2836 ι’ωνριιοίιό,η
643 2758 669 2816 3.
686 2757 760 2817 Doc.
776 2757 873 2819 Chris.

813 2954 850 3014 N.
874 2953 934 3015 llI.

581 3148 713 3210 tottwm
733 3149 949 3226 (ltmpoeitionie
963 3155 988 3208 et
1003 3149 1171 3208 Dinin'mtis.

368 3347 433 3407 264.
479 3343 620 3406 Provenit
633 3345 706 3404 haec
720 3343 854 3421 deceptio
867 3363 905 3402 ex
922 3344 1077 3422 potentiali
1092 3344 1243 3421 multiplici
1258 3343 1347 3403 unius
1359 3363 1422 3402 orn-

327 3445 422 3505 tiouis.
467 3441 586 3501 Dicitur
607 3453 707 3500 autem
723 3459 783 3499 une
804 3441 899 3500 cretio
919 3441 1114 3519 potentmliter
1137 3440 1296 3519 multiplex
1318 3461 1356 3500 ex
1378 3461 1420 3507 eo,

328 3541 406 3621 quod
422 3540 555 3599 diversae
576 3537 719 3597 dictiones
734 3535 818 3596 illem
834 3547 1042 3615 componentes
1056 3536 1254 3597 diversimode
1274 3535 1422 3615 componi,

326 3649 379 3699 urit
393 3635 535 3710 distingui
552 3644 673 3712 pssnnt
687 3633 725 3693 od
741 3633 877 3694 invicem.
921 3633 962 3694 Et
976 3635 1047 3712 quie
1061 3634 1157 3694 omtio
1171 3653 1224 3712 per
1237 3633 1422 3696 constitutio·

328 3757 394 3796 nent
410 3734 540 3813 partium
555 3731 754 3803 constituitur,
768 3740 797 3790 et
811 3732 892 3809 ipsse
906 3745 1005 3809 partes
1018 3751 1048 3790 se
1062 3729 1175 3792 habent
1188 3730 1226 3790 ad
1248 3731 1421 3794 orationem.

328 3835 404 3893 siout
427 3815 556 3900 terretorio,
572 3829 743 3907 compositio
758 3847 828 3888 vero
842 3828 919 3888 sicut
934 3829 1041 3906 sonno,
1055 3839 1267 3906 ‹mrrsequenter
1282 3828 1331 3888 ubi
1355 3839 1422 3889 sunt

328 3931 447 3992 eosdem
463 3940 570 4007 portes,
584 3927 635 3986 scd
657 3946 714 3986 uon
730 3925 832 3985 eedem
859 3925 1040 4005 compositio,
1054 3937 1098 3985 est
1112 3924 1207 3984 oratio
1221 3923 1329 3984 eedem·
1351 3923 1425 3984 mul·
1517 3938 1521 3952 “

329 4029 423 4109 tiplex
439 4025 635 4105 potentialiter
648 4034 678 4082 ct
693 4023 888 4094 remolito,
902 4023 953 4082 sed
967 4042 1026 4081 nou
1041 4021 1206 4099 sorrentiter
1219 4033 1250 4080 et
1263 4019 1420 4080 ominaliter.

329 4128 370 4187 Et
385 4133 505 4204 propter
519 4122 575 4181 hoo
589 4129 632 4180 est
647 4120 805 4198 multiplex
829 4119 997 4198 potentiale,
1012 4119 1084 4196 quia
1097 4117 1202 4188 oratio,
1216 4135 1294 4195 quae
1307 4127 1351 4176 est
1365 4137 1423 4174 unu

319 4222 492 4302 sorrnoliter,
523 4218 719 4296 potentialiter
746 4216 834 4294 pluro
861 4215 1210 4294 significet-Differunt
1237 4224 1338 4274 autem
1367 4213 1420 4292 hee

329 4321 405 4380 duae
426 4317 565 4378 titlleoiee
585 4315 794 4392 omnpositiooie
807 4323 836 4372 et
857 4312 1006 4372 divisionis
1027 4313 1057 4371 in
1072 4333 1114 4384 eo,
1129 4311 1207 4390 quod
1224 4321 1296 4371 tunc
1302 4311 1422 4389 solionis
