3138 4956
453 433 499 492 ns
525 433 621 493 rma
641 433 749 493 naas
768 432 949 511 meatum.
1185 435 1244 493 315

145 637 214 696 tur:
238 627 380 704 posterior
393 649 412 686 a
428 627 607 706 praedicato,
622 627 703 706 quod
720 647 776 704 per
788 647 818 686 sc
831 627 870 686 ad
886 627 985 706 plures
998 628 1113 707 speeies
1122 627 1242 687 extendi

145 733 251 800 potest,
266 723 373 784 transit
386 723 426 783 ad
448 724 576 804 aliquem
589 726 717 801 speciata,
734 723 780 782 vel
802 723 967 802 subjectum
983 724 1139 784 arbitrario
1152 724 1245 783 detor·

148 820 295 880 minatum
320 841 377 898 per
397 820 584 900 adjectiorem
604 821 732 899 alicujus
756 821 955 900 proprietatis,
980 821 1028 881 vel
1053 831 1149 892 notae,
1170 841 1246 899 quae

144 927 246 974 tamen
276 938 308 975 en
335 923 445 976 notura
472 905 652 996 quaestionis
680 938 739 976 non
767 917 932 978 deducitur.
976 918 1063 978 Prior
1091 919 1246 978 methodus

148 1015 262 1074 indicat
284 1036 383 1090 penus,
399 1015 428 1072 in
450 1035 509 1094 quo
524 1027 604 1074 certe
625 1015 778 1074 invenitur
799 1015 909 1092 species
931 1015 1083 1093 quaesita;
1105 1009 1247 1092 [rosterior

149 1130 229 1180 vero,
245 1111 321 1168 iuter
336 1110 454 1182 multas,
470 1110 553 1170 illam
575 1111 674 1188 seligit
687 1110 824 1188 speciem,
839 1130 915 1188 quae
931 1110 978 1170 vel
993 1110 1077 1170 nullo
1093 1110 1189 1180 modo,
1200 1109 1244 1169 vel

151 1228 207 1266 noir
225 1209 280 1267 uisi
302 1208 425 1268 liirtuito
446 1208 613 1286 quaestioni
635 1207 803 1286 propositae
823 1207 993 1268 satisfacere
1014 1219 1117 1286 posset
1161 1205 1248 1268 Prior

147 1307 229 1366 solvat
244 1306 327 1366 illam
342 1307 522 1384 quaestionis
546 1319 669 1386 partem,
684 1327 760 1385 quae
774 1306 951 1368 solutionem
975 1306 1123 1384 suscipere
1144 1317 1246 1384 potest,

148 1403 231 1463 illam
249 1424 328 1472 vero,
342 1424 419 1482 quae
433 1425 451 1463 a
466 1403 686 1463 conditionibus
701 1424 759 1462 uon
772 1415 816 1463 art
829 1403 1075 1474 dotaliadotalia
1089 1402 1248 1480 relinquit;

148 1502 292 1580 paratorior
312 1513 412 1561 autem
428 1501 584 1561 divinatur
605 1502 712 1579 potius,
727 1521 817 1579 quam
833 1509 914 1560 certa
929 1501 978 1560 via
992 1511 1046 1560 aut
1059 1501 1163 1560 ordine
1185 1521 1248 1578 pro

144 1599 243 1670 cedat,
258 1609 288 1658 et
300 1618 387 1676 saepe
401 1600 527 1676 saepius,
542 1597 592 1658 ubi
617 1599 788 1676 praesertim
804 1591 842 1658 de
856 1599 941 1658 l'actis
956 1599 1065 1676 agitur,
1079 1619 1110 1658 se
1123 1599 1247 1677 exponit

151 1695 283 1773 periculo
298 1695 417 1756 errandi
428 1717 465 1755 ex
482 1696 573 1756 nimio
587 1695 734 1756 disiderio
747 1694 867 1768 sciendi,
884 1695 930 1755 vel
945 1696 1154 1774 investigandi.

191 1791 272 1852 Hinc
296 1793 439 1872 sequitur,
464 1795 544 1871 quod
571 1793 686 1853 tametsi
713 1805 840 1871 utraque
865 1792 1034 1864 Methodus‚
1058 1793 1097 1852 ad
1122 1795 1248 1854 ciamdera

144 1892 354 1950 «uinssrlusioaem
369 1891 528 1968 perducere
551 1891 648 1969 possit,
665 1890 781 1950 facilius
796 1900 895 1950 tanien
910 1911 946 1950 ac
961 1891 1053 1950 tutius
1067 1911 1102 1950 eo
1118 1893 1248 1969 pervcni-

148 2003 197 2047 tur
223 2008 274 2064 per
298 1987 377 2046 viam
401 1988 536 2064 acolytis,
559 2007 648 2065 quam
671 1986 829 2065 synthesis:
858 1987 976 2046 liacilius
998 2006 1127 2064 namque
1150 2009 1249 2048 errare

148 2085 266 2162 poterit,
280 2084 331 2163 qui
355 2084 394 2144 ab
416 2085 582 2154 ninivensi,
597 2075 695 2162 quam⁸
710 2085 762 2161 qui
776 2105 796 2142 a
815 2085 991 2161 porticrdari
1015 2084 1134 2144 initium
1148 2087 1247 2146 sumit

151 2181 269 2240 Etenim
296 2181 420 2258 siquis,
444 2181 615 2258 priusquam
643 2181 698 2240 rite
721 2181 904 2258 perspexerit
924 2181 1052 2259 alicujus
1073 2184 1185 2258 speciei,
1201 2183 1246 2242 rel

142 2279 263 2356 subjecti
287 2279 491 2357 proprietates,
513 2299 604 2356 qratia
630 2278 753 2356 seligere
774 2299 810 2338 ac
837 2277 1036 2338 determinare
1065 2279 1201 2344 voluerit.
1225 2281 1248 2338 is

145 2376 288 2452 profecto,
318 2387 351 2436 ut
380 2377 554 2454 plurimum,
582 2396 702 2454 opernm
733 2377 844 2454 perdet,
873 2397 926 2436 uec
955 2379 1076 2436 lortasse
1104 2397 1244 2456 umquam

148 2473 300 2550 perveniet
320 2473 358 2532 ad
380 2472 599 2550 cognoscendas
621 2471 778 2531 relationes
799 2485 1011 2544 extremorum,
1032 2492 1158 2550 quorum
1181 2495 1247 2534 con-

142 2569 332 2645 junctionem
354 2568 502 2647 exquirit:
526 2589 595 2628 nam
611 2568 782 2645 contingere
804 2567 922 2645 poterit,
937 2578 971 2627 ut
984 2588 1077 2646 genus
1091 2569 1247 2630 arbitrario

145 2666 378 2726 determinatum
403 2686 461 2724 non
486 2667 637 2726 contineat
657 2669 787 2743 aperior,
810 2666 856 2724 vel
879 2666 1042 2744 subjectum,
1064 2669 1101 2726 de
1123 2688 1182 2745 quo
1204 2683 1247 2728 est

149 2762 291 2839 quaestio.
331 2761 381 2823 Sic
397 2784 424 2823 v.
440 2785 467 2840 g.
482 2765 505 2822 si
521 2764 587 2841 quis
601 2763 640 2822 ad
662 2762 850 2841 probandum
872 2763 951 2840 quod
966 2763 1097 2823 “sanitas
1117 2766 1155 2824 sit
1168 2787 1247 2842 cape

146 2861 263 2928 tcado,”
290 2861 344 2920 lioc
368 2861 591 2938 principium,a
615 2860 787 2938 praedicato
811 2851 967 2938 profectus,
982 2872 1152 2931 assumeret,
1167 2862 1245 2938 quod

145 2978 194 3015 so:
217 2957 393 3034 “enpeteadu
413 2957 452 3016 sit
470 2955 573 3016 Virtus
583 2956 608 3014 :'’
631 2957 655 3015 is
676 2965 755 3015 certe
778 2955 852 3014 nihil
868 2975 1008 3032 umquam
1034 2977 1085 3034 piro
1099 2956 1246 3016 solutione

144 3074 216 3112 suae
239 3053 419 3131 quaestionis
442 3053 488 3112 vel
514 3053 690 3131 affimativa,
706 3053 752 3112 vel
775 3054 912 3131 nepetino,
926 3053 1122 3113 concluderet.
1166 3053 1245 3114 Nam

144 3151 257 3208 nauium
271 3170 324 3208 nec
338 3151 393 3209 sub
408 3170 515 3226 genere
525 3153 646 3220 uirtutes,
660 3169 713 3208 uec
728 3149 783 3208 sub
797 3169 904 3228 genere
917 3151 981 3208 vitii
994 3151 1181 3222 eontinetur;
1195 3153 1244 3212 sed

144 3256 191 3306 cst
204 3245 319 3324 aliquid
332 3266 386 3324 per
396 3267 424 3304 ae
438 3247 617 3316 indifferens,
628 3245 708 3323 quod
720 3257 781 3306 tam
797 3267 851 3324 pro
864 3247 983 3318 virtute,
994 3267 1085 3324 quam
1101 3267 1154 3325 pro
1167 3249 1246 3308 vitiis

150 3344 292 3403 inservire
315 3345 432 3422 poterit,
449 3357 536 3421 prout
559 3343 632 3402 bene
647 3343 694 3402 vel
718 3344 795 3402 male
817 3343 883 3421 quis
905 3345 1000 3403 utitur
1020 3345 1246 3404 sanitate-Sic

145 3440 246 3510 etiam,
261 3440 285 3499 si
302 3440 367 3517 quis
381 3462 400 3497 a
415 3442 519 3516 priori,
530 3441 593 3500 siue
609 3438 673 3499 ulla
689 3439 864 3517 probatione
877 3450 1028 3510 statueret,
1042 3460 1247 3519 quaecumque

150 3536 179 3593 in
194 3535 316 3614 ⁸muodo
330 3535 473 3614 accidunt
494 3535 698 3612 phoenomena
720 3555 756 3593 ex
781 3535 890 3594 viridate
912 3535 1038 3594 aaron
1053 3536 1099 3595 vel
1120 3536 1247 3614 physicae

148 3653 209 3692 esee
224 3632 392 3709 repetenda,
407 3633 446 3690 ab
467 3652 560 3710 eoque
583 3632 729 3709 principio
743 3634 887 3709 supposito
903 3633 1051 3710 profectus
1065 3633 1103 3692 ad
1120 3633 1245 3710 phoeno

149 3749 235 3790 mena
251 3749 278 3788 v.
293 3751 320 3807 g.
335 3731 410 3788 uitae
423 3729 604 3807 explicanda
620 3729 798 3806 procederet,
811 3729 834 3788 is
848 3739 926 3790 certe
940 3749 1104 3808 numquam
1119 3731 1157 3790 ad
1174 3731 1246 3790 haec

147 3826 361 3904 phoenomena,
378 3836 466 3902 prout
486 3824 671 3902 experientia
693 3825 778 3884 nobie
800 3825 853 3884 illa
876 3825 1055 3897 manifestat,
1071 3827 1244 3902 perveniret

146 3921 204 3980 Sed
219 3921 257 3980 de
272 3921 317 3981 his
332 3921 439 3982 iteruin
456 3933 587 3982 recurret
600 3942 745 3982 serum.—

191 4018 334 4079 Eeoutra
355 4021 406 4098 qui
421 4043 439 4079 a
453 4021 575 4098 eulp'ccto
589 4021 680 4080 sumit
695 4021 823 4092 initiunt,
840 4023 932 4082 tutius
956 4025 1113 4101 procedere
1127 4027 1243 4102 poterit

149 4115 179 4174 ls
194 4115 272 4174 enim
288 4115 328 4174 ab
343 4116 558 4194 investigandis
574 4116 633 4176 illis
646 4115 770 4195 subjecti
787 4118 1017 4196 proprietatibus
1031 4119 1161 4199 incipiet,
1170 4141 1247 4199 quae

144 4218 243 4288 sperate
266 4220 296 4270 ct
313 4211 435 4289 sanlius
457 4212 510 4290 ipsi
537 4211 718 4272 exhibentur
744 4212 798 4271 vel'
815 4214 999 4290 experientia
1022 4215 1174 4287 suadente,
1198 4217 1243 4276 vel

145 4307 229 4366 facili
257 4307 450 4378 deductione;
486 4331 521 4367 ex
552 4308 598 4367 his
622 4308 771 4385 pedatim
800 4310 837 4369 ad
867 4310 934 4370 illas
961 4311 1190 4372 considerandas
1216 4323 1246 4374 et
