<?xml version="1.0" encoding="UTF-8"?>
<!DOCTYPE html PUBLIC "-//W3C//DTD XHTML 1.0 Transitional//EN"
    "http://www.w3.org/TR/xhtml1/DTD/xhtml1-transitional.dtd">
<html xmlns="http://www.w3.org/1999/xhtml" xml:lang="en" lang="en">
 <head>
  <title>
</title>
<meta http-equiv="Content-Type" content="text/html;charset=utf-8" />
  <meta name='ocr-system' content='tesseract 3.04.00' />
  <meta name='ocr-capabilities' content='ocr_page ocr_carea ocr_par ocr_line ocrx_word'/>
</head>
<body>
  <div class='ocr_page' id='page_1' title='image "./logicaegenerali00schigoog_0271.png"; bbox 0 0 3118 4956; ppageno 0'>
   <div class='ocr_carea' id='block_1_1' title="bbox 338 431 950 508">
    <p class='ocr_par' dir='ltr' id='par_1_1' title="bbox 338 431 950 508">
     <span class='ocr_line' id='line_1_1' title="bbox 338 431 950 508; baseline 0.007 -22"><span class='ocrx_word' id='word_1_1' title='bbox 338 431 395 488; x_wconf 78' lang='lat'><strong><em>254</em></strong></span> <span class='ocrx_word' id='word_1_2' title='bbox 831 431 950 508; x_wconf 74' lang='lat' dir='ltr'><strong><em>Lapica.</em></strong></span> 
     </span>
    </p>
   </div>
   <div class='ocr_carea' id='block_1_2' title="bbox 338 611 1544 702">
    <p class='ocr_par' dir='ltr' id='par_1_2' title="bbox 338 611 1544 702">
     <span class='ocr_line' id='line_1_2' title="bbox 338 611 1544 702; baseline 0 -21"><span class='ocrx_word' id='word_1_3' title='bbox 338 622 478 683; x_wconf 79' lang='lat' dir='ltr'>nobilitas</span> <span class='ocrx_word' id='word_1_4' title='bbox 504 625 660 702; x_wconf 80' lang='lat' dir='ltr'><strong><em>majorum,</em></strong></span> <span class='ocrx_word' id='word_1_5' title='bbox 674 623 737 684; x_wconf 88' lang='lat' dir='ltr'><strong><em>dies</em></strong></span> <span class='ocrx_word' id='word_1_6' title='bbox 759 623 877 696; x_wconf 83' lang='lat' dir='ltr'><strong><em>natulis,</em></strong></span> <span class='ocrx_word' id='word_1_7' title='bbox 891 623 1038 694; x_wconf 82' lang='lat' dir='ltr'>educatio,</span> <span class='ocrx_word' id='word_1_8' title='bbox 1054 623 1236 701; x_wconf 79' lang='lat' dir='ltr'><strong><em>provocatio,</em></strong></span> <span class='ocrx_word' id='word_1_9' title='bbox 1251 621 1435 682; x_wconf 89' lang='lat' dir='ltr'><strong><em>cousuetudo</em></strong></span> <span class='ocrx_word' id='word_1_10' title='bbox 1543 611 1544 616; x_wconf 8' lang='grc' dir='ltr'>ἵ</span> 
     </span>
    </p>
   </div>
   <div class='ocr_carea' id='block_1_3' title="bbox 335 719 1439 799">
    <p class='ocr_par' dir='ltr' id='par_1_3' title="bbox 335 719 1439 799">
     <span class='ocr_line' id='line_1_3' title="bbox 335 719 1439 799; baseline 0 -22"><span class='ocrx_word' id='word_1_11' title='bbox 335 731 406 790; x_wconf 87' lang='lat' dir='ltr'><strong><em>ctc.;</em></strong></span> <span class='ocrx_word' id='word_1_12' title='bbox 428 730 519 799; x_wconf 84' lang='lat' dir='ltr'><strong><em>atque</em></strong></span> <span class='ocrx_word' id='word_1_13' title='bbox 540 720 613 780; x_wconf 86' lang='lat' dir='ltr'><strong><em>haec</em></strong></span> <span class='ocrx_word' id='word_1_14' title='bbox 632 724 854 799; x_wconf 72' lang='lat' dir='ltr'><strong><em>praecurrentia</em></strong></span> <span class='ocrx_word' id='word_1_15' title='bbox 876 719 1143 790; x_wconf 74' lang='lat' dir='ltr'><strong><em>dicuntur—Alio</em></strong></span> <span class='ocrx_word' id='word_1_16' title='bbox 1165 732 1244 792; x_wconf 87' lang='lat' dir='ltr'><strong><em>sunt,</em></strong></span> <span class='ocrx_word' id='word_1_17' title='bbox 1267 739 1343 798; x_wconf 84' lang='lat' dir='ltr'><strong><em>quae</em></strong></span> <span class='ocrx_word' id='word_1_18' title='bbox 1366 739 1439 798; x_wconf 91' lang='lat' dir='ltr'><strong><em>quo·</em></strong></span> 
     </span>
    </p>
   </div>
   <div class='ocr_carea' id='block_1_4' title="bbox 338 816 1544 1283">
    <p class='ocr_par' dir='ltr' id='par_1_4' title="bbox 338 809 1544 1283">
     <span class='ocr_line' id='line_1_4' title="bbox 338 816 1544 904; baseline -0.002 -28"><span class='ocrx_word' id='word_1_19' title='bbox 338 817 498 878; x_wconf 82' lang='lat' dir='ltr'><strong><em>dummodo</em></strong></span> <span class='ocrx_word' id='word_1_20' title='bbox 512 821 685 878; x_wconf 80' lang='lat' dir='ltr'><strong><em>comitantur</em></strong></span> <span class='ocrx_word' id='word_1_21' title='bbox 695 838 766 890; x_wconf 89' lang='lat' dir='ltr'><strong><em>rem,</em></strong></span> <span class='ocrx_word' id='word_1_22' title='bbox 778 828 813 878; x_wconf 91' lang='lat' dir='ltr'><strong><em>ut</em></strong></span> <span class='ocrx_word' id='word_1_23' title='bbox 825 829 896 878; x_wconf 89' lang='lat' dir='ltr'><strong><em>sunt</em></strong></span> <span class='ocrx_word' id='word_1_24' title='bbox 906 839 934 879; x_wconf 87' lang='lat' dir='ltr'><strong><em>v.</em></strong></span> <span class='ocrx_word' id='word_1_25' title='bbox 946 839 974 896; x_wconf 85' lang='lat' dir='ltr'><strong><em>g.</em></strong></span> <span class='ocrx_word' id='word_1_26' title='bbox 985 817 1075 889; x_wconf 87' lang='lat' dir='ltr'><strong><em>iocus,</em></strong></span> <span class='ocrx_word' id='word_1_27' title='bbox 1085 826 1211 896; x_wconf 85' lang='lat' dir='ltr'><strong><em>tempus,</em></strong></span> <span class='ocrx_word' id='word_1_28' title='bbox 1222 817 1345 888; x_wconf 70' lang='lat' dir='ltr'><strong><em>occursio,</em></strong></span> <span class='ocrx_word' id='word_1_29' title='bbox 1356 816 1438 885; x_wconf 85' lang='lat' dir='ltr'><strong><em>sccii,</em></strong></span> <span class='ocrx_word' id='word_1_30' title='bbox 1543 879 1544 904; x_wconf 23' lang='lat'>¹</span> 
     </span>
     <span class='ocr_line' id='line_1_5' title="bbox 338 911 1544 1002; baseline -0.003 -28"><span class='ocrx_word' id='word_1_31' title='bbox 338 915 476 994; x_wconf 81' lang='lat' dir='ltr'>dignitas,</span> <span class='ocrx_word' id='word_1_32' title='bbox 492 915 621 976; x_wconf 88' lang='lat' dir='ltr'><strong><em>officium</em></strong></span> <span class='ocrx_word' id='word_1_33' title='bbox 644 925 715 976; x_wconf 80' lang='lat' dir='ltr'><strong><em>etc:</em></strong></span> <span class='ocrx_word' id='word_1_34' title='bbox 738 925 767 976; x_wconf 89' lang='lat' dir='ltr'><strong><em>et</em></strong></span> <span class='ocrx_word' id='word_1_35' title='bbox 788 915 931 975; x_wconf 85' lang='lat' dir='ltr'><strong><em>dicuntur</em></strong></span> <span class='ocrx_word' id='word_1_36' title='bbox 953 911 1295 975; x_wconf 64' lang='lat' dir='ltr'><strong><em>concomitante-Alia</em></strong></span> <span class='ocrx_word' id='word_1_37' title='bbox 1316 913 1437 972; x_wconf 88' lang='lat' dir='ltr'><strong><em>demum</em></strong></span> <span class='ocrx_word' id='word_1_38' title='bbox 1543 943 1544 1002; x_wconf 27' lang='grc' dir='ltr'>ᾗ</span> 
     </span>
     <span class='ocr_line' id='line_1_6' title="bbox 338 1009 1544 1092; baseline -0.004 -22"><span class='ocrx_word' id='word_1_39' title='bbox 338 1022 416 1084; x_wconf 86' lang='lat' dir='ltr'><strong><em>sunt,</em></strong></span> <span class='ocrx_word' id='word_1_40' title='bbox 431 1032 508 1090; x_wconf 83' lang='lat' dir='ltr'><strong><em>qnae</em></strong></span> <span class='ocrx_word' id='word_1_41' title='bbox 523 1031 582 1071; x_wconf 88' lang='lat' dir='ltr'><strong><em>rem</em></strong></span> <span class='ocrx_word' id='word_1_42' title='bbox 598 1012 810 1092; x_wconf 76' lang='lat' dir='ltr'><strong><em>misequaatur</em></strong></span> <span class='ocrx_word' id='word_1_43' title='bbox 825 1033 852 1072; x_wconf 94' lang='lat' dir='ltr'><strong><em>v.</em></strong></span> <span class='ocrx_word' id='word_1_44' title='bbox 867 1034 894 1090; x_wconf 85' lang='lat' dir='ltr'><strong><em>g.</em></strong></span> <span class='ocrx_word' id='word_1_45' title='bbox 911 1010 985 1083; x_wconf 87' lang='lat' dir='ltr'><strong><em>laus,</em></strong></span> <span class='ocrx_word' id='word_1_46' title='bbox 1002 1012 1194 1089; x_wconf 81' lang='lat' dir='ltr'>vituperium,</span> <span class='ocrx_word' id='word_1_47' title='bbox 1208 1021 1281 1070; x_wconf 82' lang='lat' dir='ltr'><strong><em>etc:</em></strong></span> <span class='ocrx_word' id='word_1_48' title='bbox 1302 1021 1332 1070; x_wconf 88' lang='lat' dir='ltr'><strong><em>et</em></strong></span> <span class='ocrx_word' id='word_1_49' title='bbox 1344 1009 1439 1069; x_wconf 62' lang='grc' dir='ltr'><strong><em>πώεα·</em></strong></span> <span class='ocrx_word' id='word_1_50' title='bbox 1543 1051 1544 1066; x_wconf 40' lang='lat' dir='ltr'><strong><em>i</em></strong></span> 
     </span>
     <span class='ocr_line' id='line_1_7' title="bbox 340 1107 1439 1188; baseline -0.004 -20"><span class='ocrx_word' id='word_1_51' title='bbox 340 1111 457 1188; x_wconf 73' lang='lat' dir='ltr'><strong><em>quentia</em></strong></span> <span class='ocrx_word' id='word_1_52' title='bbox 469 1120 691 1187; x_wconf 80' lang='lat' dir='ltr'><strong><em>nuncupantur.</em></strong></span> <span class='ocrx_word' id='word_1_53' title='bbox 727 1107 799 1168; x_wconf 89' lang='lat' dir='ltr'><strong><em>Huc</em></strong></span> <span class='ocrx_word' id='word_1_54' title='bbox 812 1117 990 1168; x_wconf 86' lang='lat' dir='ltr'><strong><em>revocantur</em></strong></span> <span class='ocrx_word' id='word_1_55' title='bbox 1000 1107 1152 1187; x_wconf 80' lang='lat' dir='ltr'><strong><em>adjuncto,</em></strong></span> <span class='ocrx_word' id='word_1_56' title='bbox 1161 1128 1238 1186; x_wconf 84' lang='lat' dir='ltr'><strong><em>quae</em></strong></span> <span class='ocrx_word' id='word_1_57' title='bbox 1249 1127 1285 1166; x_wconf 87' lang='lat' dir='ltr'><strong><em>ex</em></strong></span> <span class='ocrx_word' id='word_1_58' title='bbox 1296 1107 1439 1184; x_wconf 78' lang='lat' dir='ltr'><strong><em>personis,</em></strong></span> 
     </span>
     <span class='ocr_line' id='line_1_8' title="bbox 339 1199 1544 1283; baseline -0.003 -20"><span class='ocrx_word' id='word_1_59' title='bbox 339 1207 413 1275; x_wconf 78' lang='lat' dir='ltr'><strong><em>iocis,</em></strong></span> <span class='ocrx_word' id='word_1_60' title='bbox 428 1213 550 1283; x_wconf 87' lang='lat' dir='ltr'><strong><em>tempore</em></strong></span> <span class='ocrx_word' id='word_1_61' title='bbox 570 1205 704 1265; x_wconf 80' lang='lat' dir='ltr'><strong><em>etratus</em></strong></span> <span class='ocrx_word' id='word_1_62' title='bbox 724 1203 929 1276; x_wconf 77' lang='lat' dir='ltr'><strong><em>desumuntur,</em></strong></span> <span class='ocrx_word' id='word_1_63' title='bbox 951 1223 1093 1283; x_wconf 82' lang='lat' dir='ltr'><strong><em>quaeque,</em></strong></span> <span class='ocrx_word' id='word_1_64' title='bbox 1109 1203 1268 1262; x_wconf 81' lang='lat' dir='ltr'><strong><em>memoriae</em></strong></span> <span class='ocrx_word' id='word_1_65' title='bbox 1285 1201 1439 1281; x_wconf 76' lang='lat' dir='ltr'><strong><em>jucundae</em></strong></span> <span class='ocrx_word' id='word_1_66' title='bbox 1543 1199 1544 1224; x_wconf 40' lang='lat' dir='ltr'><strong><em>l</em></strong></span> 
     </span>
    </p>
   </div>
   <div class='ocr_carea' id='block_1_5' title="bbox 339 1301 1439 1574">
    <p class='ocr_par' dir='ltr' id='par_1_5' title="bbox 339 1301 1439 1574">
     <span class='ocr_line' id='line_1_9' title="bbox 339 1301 890 1374; baseline -0.004 -12"><span class='ocrx_word' id='word_1_67' title='bbox 339 1324 437 1374; x_wconf 81' lang='lat' dir='ltr'><strong><em>causa,</em></strong></span> <span class='ocrx_word' id='word_1_68' title='bbox 452 1303 508 1363; x_wconf 89' lang='lat' dir='ltr'><strong><em>hoc</em></strong></span> <span class='ocrx_word' id='word_1_69' title='bbox 524 1301 670 1364; x_wconf 88' lang='lat' dir='ltr'><strong><em>versiculo</em></strong></span> <span class='ocrx_word' id='word_1_70' title='bbox 685 1302 890 1373; x_wconf 83' lang='lat' dir='ltr'><strong><em>continentur:</em></strong></span> 
     </span>
     <span class='ocr_line' id='line_1_10' title="bbox 406 1395 1362 1479; baseline -0.005 -21"><span class='ocrx_word' id='word_1_71' title='bbox 406 1399 511 1476; x_wconf 66' lang='lat' dir='ltr'><strong><em>“th</em></strong></span> <span class='ocrx_word' id='word_1_72' title='bbox 526 1399 605 1479; x_wconf 80' lang='lat' dir='ltr'><strong><em>quid,</em></strong></span> <span class='ocrx_word' id='word_1_73' title='bbox 620 1398 681 1469; x_wconf 87' lang='lat' dir='ltr'><strong><em>ubi,</em></strong></span> <span class='ocrx_word' id='word_1_74' title='bbox 690 1419 747 1476; x_wconf 85' lang='lat' dir='ltr'><strong><em>per</em></strong></span> <span class='ocrx_word' id='word_1_75' title='bbox 761 1419 837 1478; x_wconf 76' lang='lat' dir='ltr'><strong><em>quoe,</em></strong></span> <span class='ocrx_word' id='word_1_76' title='bbox 852 1400 966 1478; x_wconf 68' lang='lat' dir='ltr'><strong><em>erratice,</em></strong></span> <span class='ocrx_word' id='word_1_77' title='bbox 982 1419 1041 1469; x_wconf 85' lang='lat' dir='ltr'><strong><em>cur,</em></strong></span> <span class='ocrx_word' id='word_1_78' title='bbox 1056 1396 1203 1476; x_wconf 70' lang='lat' dir='ltr'><strong><em>quomodo,</em></strong></span> <span class='ocrx_word' id='word_1_79' title='bbox 1218 1395 1362 1476; x_wconf 81' lang='lat' dir='ltr'><strong><em>quaudo.”</em></strong></span> 
     </span>
     <span class='ocr_line' id='line_1_11' title="bbox 380 1493 1439 1574; baseline -0.002 -20"><span class='ocrx_word' id='word_1_80' title='bbox 380 1497 480 1571; x_wconf 72' lang='lat' dir='ltr'><strong><em>Quum</em></strong></span> <span class='ocrx_word' id='word_1_81' title='bbox 503 1495 591 1574; x_wconf 81' lang='lat' dir='ltr'><strong><em>louge</em></strong></span> <span class='ocrx_word' id='word_1_82' title='bbox 612 1494 730 1573; x_wconf 80' lang='lat' dir='ltr'><strong><em>lateque</em></strong></span> <span class='ocrx_word' id='word_1_83' title='bbox 756 1505 857 1573; x_wconf 83' lang='lat' dir='ltr'><strong><em>pateat</em></strong></span> <span class='ocrx_word' id='word_1_84' title='bbox 880 1494 928 1553; x_wconf 88' lang='lat' dir='ltr'><strong><em>hie</em></strong></span> <span class='ocrx_word' id='word_1_85' title='bbox 954 1495 1044 1567; x_wconf 88' lang='lat' dir='ltr'><strong><em>locus,</em></strong></span> <span class='ocrx_word' id='word_1_86' title='bbox 1059 1513 1198 1573; x_wconf 75' lang='lat' dir='ltr'><strong><em>percurre</em></strong></span> <span class='ocrx_word' id='word_1_87' title='bbox 1221 1493 1340 1570; x_wconf 83' lang='lat' dir='ltr'><strong><em>singula</em></strong></span> <span class='ocrx_word' id='word_1_88' title='bbox 1366 1493 1439 1552; x_wconf 78' lang='lat' dir='ltr'><strong><em>haec</em></strong></span> 
     </span>
    </p>
   </div>
   <div class='ocr_carea' id='block_1_6' title="bbox 339 1590 1544 1768">
    <p class='ocr_par' dir='ltr' id='par_1_6' title="bbox 339 1590 1544 1768">
     <span class='ocr_line' id='line_1_12' title="bbox 339 1590 1544 1672; baseline -0.003 -20"><span class='ocrx_word' id='word_1_89' title='bbox 339 1594 481 1672; x_wconf 83' lang='lat' dir='ltr'><strong><em>adjuncta</em></strong></span> <span class='ocrx_word' id='word_1_90' title='bbox 496 1593 526 1652; x_wconf 90' lang='lat' dir='ltr'><strong><em>iu</em></strong></span> <span class='ocrx_word' id='word_1_91' title='bbox 542 1592 692 1672; x_wconf 76' lang='lat' dir='ltr'><strong><em>proposita</em></strong></span> <span class='ocrx_word' id='word_1_92' title='bbox 706 1591 809 1670; x_wconf 81' lang='lat' dir='ltr'><strong><em>uliquu</em></strong></span> <span class='ocrx_word' id='word_1_93' title='bbox 829 1592 1017 1670; x_wconf 82' lang='lat' dir='ltr'><strong><em>quaestiouc;</em></strong></span> <span class='ocrx_word' id='word_1_94' title='bbox 1041 1592 1160 1652; x_wconf 88' lang='lat' dir='ltr'><strong><em>uberem</em></strong></span> <span class='ocrx_word' id='word_1_95' title='bbox 1183 1590 1336 1650; x_wconf 78' lang='lat' dir='ltr'><strong><em>materiem</em></strong></span> <span class='ocrx_word' id='word_1_96' title='bbox 1351 1610 1439 1668; x_wconf 79' lang='lat' dir='ltr'><strong><em>urgu-</em></strong></span> <span class='ocrx_word' id='word_1_97' title='bbox 1543 1591 1544 1656; x_wconf 67' lang='lat' dir='ltr'>I</span> 
     </span>
     <span class='ocr_line' id='line_1_13' title="bbox 340 1687 1544 1768; baseline 0 -20"><span class='ocrx_word' id='word_1_98' title='bbox 340 1700 505 1750; x_wconf 86' lang='lat' dir='ltr'><strong><em>mentorum</em></strong></span> <span class='ocrx_word' id='word_1_99' title='bbox 535 1689 675 1750; x_wconf 86' lang='lat' dir='ltr'><strong><em>invenies.</em></strong></span> <span class='ocrx_word' id='word_1_100' title='bbox 718 1689 853 1750; x_wconf 88' lang='lat' dir='ltr'><strong><em>Adverte</em></strong></span> <span class='ocrx_word' id='word_1_101' title='bbox 888 1701 987 1750; x_wconf 83' lang='lat' dir='ltr'><strong><em>tumen</em></strong></span> <span class='ocrx_word' id='word_1_102' title='bbox 1016 1701 1195 1768; x_wconf 80' lang='lat' dir='ltr'><strong><em>argumenta</em></strong></span> <span class='ocrx_word' id='word_1_103' title='bbox 1222 1709 1260 1748; x_wconf 86' lang='lat' dir='ltr'><strong><em>ex</em></strong></span> <span class='ocrx_word' id='word_1_104' title='bbox 1288 1687 1439 1767; x_wconf 84' lang='lat' dir='ltr'><strong><em>adjunctis</em></strong></span> <span class='ocrx_word' id='word_1_105' title='bbox 1543 1737 1544 1748; x_wconf 42' lang='lat'>2</span> 
     </span>
    </p>
   </div>
   <div class='ocr_carea' id='block_1_7' title="bbox 340 1784 1438 1864">
    <p class='ocr_par' dir='ltr' id='par_1_7' title="bbox 340 1784 1438 1864">
     <span class='ocr_line' id='line_1_14' title="bbox 340 1784 1438 1864; baseline -0.002 -20"><span class='ocrx_word' id='word_1_106' title='bbox 340 1785 516 1864; x_wconf 85' lang='lat' dir='ltr'><strong><em>depromptu</em></strong></span> <span class='ocrx_word' id='word_1_107' title='bbox 525 1807 582 1864; x_wconf 84' lang='lat' dir='ltr'><strong><em>per</em></strong></span> <span class='ocrx_word' id='word_1_108' title='bbox 595 1807 624 1846; x_wconf 82' lang='lat' dir='ltr'><strong><em>re</em></strong></span> <span class='ocrx_word' id='word_1_109' title='bbox 638 1786 801 1846; x_wconf 81' lang='lat' dir='ltr'><strong><em>necessaria</em></strong></span> <span class='ocrx_word' id='word_1_110' title='bbox 816 1807 873 1846; x_wconf 92' lang='lat' dir='ltr'><strong><em>uou</em></strong></span> <span class='ocrx_word' id='word_1_111' title='bbox 890 1807 958 1858; x_wconf 91' lang='lat' dir='ltr'><strong><em>esse,</em></strong></span> <span class='ocrx_word' id='word_1_112' title='bbox 973 1788 1129 1846; x_wconf 78' lang='lat' dir='ltr'><strong><em>marimum</em></strong></span> <span class='ocrx_word' id='word_1_113' title='bbox 1144 1798 1243 1845; x_wconf 83' lang='lat' dir='ltr'><strong><em>tamen</em></strong></span> <span class='ocrx_word' id='word_1_114' title='bbox 1259 1784 1438 1863; x_wconf 83' lang='lat' dir='ltr'><strong><em>quaudoque</em></strong></span> 
     </span>
    </p>
   </div>
   <div class='ocr_carea' id='block_1_8' title="bbox 342 1879 1441 1960">
    <p class='ocr_par' dir='ltr' id='par_1_8' title="bbox 342 1867 1544 1960">
     <span class='ocr_line' id='line_1_15' title="bbox 342 1879 1441 1960; baseline -0.002 -20"><span class='ocrx_word' id='word_1_115' title='bbox 342 1881 482 1960; x_wconf 84' lang='lat' dir='ltr'><strong><em>praebere</em></strong></span> <span class='ocrx_word' id='word_1_116' title='bbox 507 1880 751 1958; x_wconf 74' lang='lat' dir='ltr'><strong><em>probabilitatem,</em></strong></span> <span class='ocrx_word' id='word_1_117' title='bbox 776 1881 934 1960; x_wconf 80' lang='lat' dir='ltr'><strong><em>praecipue</em></strong></span> <span class='ocrx_word' id='word_1_118' title='bbox 954 1901 1022 1941; x_wconf 90' lang='lat' dir='ltr'><strong><em>cum</em></strong></span> <span class='ocrx_word' id='word_1_119' title='bbox 1044 1891 1220 1942; x_wconf 78' lang='lat' dir='ltr'><strong><em>coacervata</em></strong></span> <span class='ocrx_word' id='word_1_120' title='bbox 1240 1891 1327 1940; x_wconf 89' lang='lat' dir='ltr'><strong><em>sunt:</em></strong></span> <span class='ocrx_word' id='word_1_121' title='bbox 1350 1879 1441 1958; x_wconf 89' lang='lat' dir='ltr'><strong><em>pluri·</em></strong></span> 
     </span>
    </p>
   </div>
   <div class='ocr_carea' id='block_1_9' title="bbox 340 1975 1544 2153">
    <p class='ocr_par' dir='ltr' id='par_1_9' title="bbox 340 1975 1544 2153">
     <span class='ocr_line' id='line_1_16' title="bbox 341 1975 1544 2056; baseline -0.002 -20"><span class='ocrx_word' id='word_1_122' title='bbox 341 1998 422 2036; x_wconf 92' lang='lat' dir='ltr'><strong><em>mum</em></strong></span> <span class='ocrx_word' id='word_1_123' title='bbox 438 1977 557 2037; x_wconf 90' lang='lat' dir='ltr'><strong><em>demum</em></strong></span> <span class='ocrx_word' id='word_1_124' title='bbox 573 1977 673 2037; x_wconf 84' lang='lat' dir='ltr'><strong><em>valere</em></strong></span> <span class='ocrx_word' id='word_1_125' title='bbox 686 1977 725 2037; x_wconf 80' lang='lat' dir='ltr'><strong><em>ud</em></strong></span> <span class='ocrx_word' id='word_1_126' title='bbox 741 1997 801 2037; x_wconf 85' lang='lat' dir='ltr'><strong><em>reru</em></strong></span> <span class='ocrx_word' id='word_1_127' title='bbox 818 1977 939 2038; x_wconf 82' lang='lat' dir='ltr'><strong><em>aliunde</em></strong></span> <span class='ocrx_word' id='word_1_128' title='bbox 953 1991 1063 2038; x_wconf 83' lang='lat' dir='ltr'><strong><em>certem</em></strong></span> <span class='ocrx_word' id='word_1_129' title='bbox 1086 1978 1264 2056; x_wconf 85' lang='lat' dir='ltr'><strong><em>ungendam,</em></strong></span> <span class='ocrx_word' id='word_1_130' title='bbox 1280 1976 1327 2036; x_wconf 88' lang='lat' dir='ltr'><strong><em>vei</em></strong></span> <span class='ocrx_word' id='word_1_131' title='bbox 1343 1978 1438 2036; x_wconf 88' lang='lat' dir='ltr'><strong><em>minu·</em></strong></span> <span class='ocrx_word' id='word_1_132' title='bbox 1543 1975 1544 2026; x_wconf 81' lang='lat' dir='ltr'><strong><em>l</em></strong></span> 
     </span>
     <span class='ocr_line' id='line_1_17' title="bbox 340 2074 1544 2153; baseline -0.001 -21"><span class='ocrx_word' id='word_1_133' title='bbox 340 2075 466 2145; x_wconf 78' lang='lat' dir='ltr'><strong><em>endam3</em></strong></span> <span class='ocrx_word' id='word_1_134' title='bbox 487 2075 589 2152; x_wconf 83' lang='lat' dir='ltr'><strong><em>iisque,</em></strong></span> <span class='ocrx_word' id='word_1_135' title='bbox 604 2085 638 2134; x_wconf 88' lang='lat' dir='ltr'><strong><em>ut</em></strong></span> <span class='ocrx_word' id='word_1_136' title='bbox 658 2075 822 2153; x_wconf 84' lang='lat' dir='ltr'><strong><em>plurimum</em></strong></span> <span class='ocrx_word' id='word_1_137' title='bbox 837 2087 867 2136; x_wconf 91' lang='lat' dir='ltr'><strong><em>et</em></strong></span> <span class='ocrx_word' id='word_1_138' title='bbox 880 2097 939 2135; x_wconf 91' lang='lat' dir='ltr'><strong><em>non</em></strong></span> <span class='ocrx_word' id='word_1_139' title='bbox 953 2076 1016 2136; x_wconf 90' lang='lat' dir='ltr'><strong><em>sine</em></strong></span> <span class='ocrx_word' id='word_1_140' title='bbox 1031 2096 1142 2152; x_wconf 81' lang='lat' dir='ltr'><strong><em>magne</em></strong></span> <span class='ocrx_word' id='word_1_141' title='bbox 1159 2074 1298 2146; x_wconf 69' lang='lat' dir='ltr'><strong><em>utilitate,</em></strong></span> <span class='ocrx_word' id='word_1_142' title='bbox 1314 2085 1441 2134; x_wconf 86' lang='lat' dir='ltr'><strong><em>utuntur</em></strong></span> <span class='ocrx_word' id='word_1_143' title='bbox 1543 2081 1544 2092; x_wconf 62' lang='lat'>¹</span> 
     </span>
    </p>
   </div>
   <div class='ocr_carea' id='block_1_10' title="bbox 342 2171 491 2230">
    <p class='ocr_par' dir='ltr' id='par_1_10' title="bbox 342 2171 491 2230">
     <span class='ocr_line' id='line_1_18' title="bbox 342 2171 491 2230; baseline 0 0"><span class='ocrx_word' id='word_1_144' title='bbox 342 2171 491 2230; x_wconf 84' lang='lat' dir='ltr'><strong><em>Oratores.</em></strong></span> 
     </span>
    </p>
   </div>
   <div class='ocr_carea' id='block_1_11' title="bbox 326 2267 1544 2352">
    <p class='ocr_par' dir='ltr' id='par_1_11' title="bbox 326 2267 1544 2352">
     <span class='ocr_line' id='line_1_19' title="bbox 326 2267 1544 2352; baseline -0.002 -25"><span class='ocrx_word' id='word_1_145' title='bbox 326 2275 330 2284; x_wconf 85' lang='lat'><strong><em>&#39;</em></strong></span> <span class='ocrx_word' id='word_1_146' title='bbox 382 2267 441 2327; x_wconf 90' lang='lat' dir='ltr'><strong><em>Pro</em></strong></span> <span class='ocrx_word' id='word_1_147' title='bbox 463 2288 516 2328; x_wconf 91' lang='lat' dir='ltr'><strong><em>usu</em></strong></span> <span class='ocrx_word' id='word_1_148' title='bbox 537 2269 621 2328; x_wconf 87' lang='lat' dir='ltr'><strong><em>istius</em></strong></span> <span class='ocrx_word' id='word_1_149' title='bbox 647 2268 702 2328; x_wconf 88' lang='lat' dir='ltr'><strong><em>loci</em></strong></span> <span class='ocrx_word' id='word_1_150' title='bbox 724 2269 819 2329; x_wconf 85' lang='lat' dir='ltr'><strong><em>muita</em></strong></span> <span class='ocrx_word' id='word_1_151' title='bbox 845 2270 923 2352; x_wconf 68' lang='lat' dir='ltr'><strong><em>trudi</em></strong></span> <span class='ocrx_word' id='word_1_152' title='bbox 948 2280 1065 2348; x_wconf 78' lang='lat' dir='ltr'><strong><em>possent</em></strong></span> <span class='ocrx_word' id='word_1_153' title='bbox 1094 2270 1308 2347; x_wconf 74' lang='lat' dir='ltr'><strong><em>pronunciata:</em></strong></span> <span class='ocrx_word' id='word_1_154' title='bbox 1339 2269 1440 2327; x_wconf 84' lang='lat' dir='ltr'><strong><em>omniu</em></strong></span> <span class='ocrx_word' id='word_1_155' title='bbox 1543 2317 1544 2324; x_wconf 72' lang='grc'>,</span> 
     </span>
    </p>
   </div>
   <div class='ocr_carea' id='block_1_12' title="bbox 342 2363 951 2443">
    <p class='ocr_par' dir='ltr' id='par_1_12' title="bbox 342 2363 951 2443">
     <span class='ocr_line' id='line_1_20' title="bbox 342 2363 951 2443; baseline 0.005 -22"><span class='ocrx_word' id='word_1_156' title='bbox 342 2375 440 2422; x_wconf 86' lang='lat' dir='ltr'><strong><em>tumen</em></strong></span> <span class='ocrx_word' id='word_1_157' title='bbox 456 2363 515 2424; x_wconf 86' lang='lat' dir='ltr'><strong><em>hoc</em></strong></span> <span class='ocrx_word' id='word_1_158' title='bbox 528 2363 614 2424; x_wconf 90' lang='lat' dir='ltr'><strong><em>unico</em></strong></span> <span class='ocrx_word' id='word_1_159' title='bbox 629 2364 791 2443; x_wconf 84' lang='lat' dir='ltr'><strong><em>constringi</em></strong></span> <span class='ocrx_word' id='word_1_160' title='bbox 815 2376 951 2443; x_wconf 86' lang='lat' dir='ltr'><strong><em>possunt:</em></strong></span> 
     </span>
    </p>
   </div>
   <div class='ocr_carea' id='block_1_13' title="bbox 426 2455 1544 2542">
    <p class='ocr_par' dir='ltr' id='par_1_13' title="bbox 426 2455 1544 2542">
     <span class='ocr_line' id='line_1_21' title="bbox 426 2455 1544 2542; baseline -0.009 -20"><span class='ocrx_word' id='word_1_161' title='bbox 426 2461 534 2538; x_wconf 72' lang='lat' dir='ltr'><strong><em>Qualia</em></strong></span> <span class='ocrx_word' id='word_1_162' title='bbox 561 2469 628 2520; x_wconf 72' lang='lat' dir='ltr'><strong><em>scrut</em></strong></span> <span class='ocrx_word' id='word_1_163' title='bbox 651 2461 801 2540; x_wconf 81' lang='lat' dir='ltr'><strong><em>adjuncta,</em></strong></span> <span class='ocrx_word' id='word_1_164' title='bbox 826 2463 909 2520; x_wconf 86' lang='lat' dir='ltr'><strong><em>talem</em></strong></span> <span class='ocrx_word' id='word_1_165' title='bbox 937 2464 1088 2522; x_wconf 72' lang='lat' dir='ltr'><strong><em>verisimile</em></strong></span> <span class='ocrx_word' id='word_1_166' title='bbox 1115 2471 1153 2522; x_wconf 80' lang='lat' dir='ltr'><strong><em>est</em></strong></span> <span class='ocrx_word' id='word_1_167' title='bbox 1181 2482 1237 2522; x_wconf 75' lang='lat' dir='ltr'><strong><em>eree</em></strong></span> <span class='ocrx_word' id='word_1_168' title='bbox 1260 2483 1330 2534; x_wconf 86' lang='lat' dir='ltr'><strong><em>rem,</em></strong></span> <span class='ocrx_word' id='word_1_169' title='bbox 1356 2485 1438 2542; x_wconf 74' lang='lat' dir='ltr'><strong><em>quom</em></strong></span> <span class='ocrx_word' id='word_1_170' title='bbox 1543 2455 1544 2486; x_wconf 52' lang='lat' dir='ltr'><strong><em>l</em></strong></span> 
     </span>
    </p>
   </div>
   <div class='ocr_carea' id='block_1_14' title="bbox 380 2544 1439 2719">
    <p class='ocr_par' dir='ltr' id='par_1_14' title="bbox 380 2544 1439 2719">
     <span class='ocr_line' id='line_1_22' title="bbox 394 2544 770 2615; baseline 0.005 -15"><span class='ocrx_word' id='word_1_171' title='bbox 394 2612 395 2615; x_wconf 7' lang='grc' dir='ltr'><strong>Ἰ</strong></span> <span class='ocrx_word' id='word_1_172' title='bbox 580 2544 770 2602; x_wconf 78' lang='lat' dir='ltr'><strong><em>circumstant.</em></strong></span> 
     </span>
     <span class='ocr_line' id='line_1_23' title="bbox 380 2637 1439 2719; baseline 0.001 -20"><span class='ocrx_word' id='word_1_173' title='bbox 380 2637 634 2719; x_wconf 65' lang='lat' dir='ltr'><strong><em>Exempla—Ex</em></strong></span> <span class='ocrx_word' id='word_1_174' title='bbox 657 2639 912 2717; x_wconf 82' lang='lat' dir='ltr'><strong><em>praecurrentibus</em></strong></span> <span class='ocrx_word' id='word_1_175' title='bbox 939 2651 983 2699; x_wconf 74' lang='lat' dir='ltr'><strong><em>est</em></strong></span> <span class='ocrx_word' id='word_1_176' title='bbox 1010 2639 1087 2699; x_wconf 92' lang='lat' dir='ltr'><strong><em>illud</em></strong></span> <span class='ocrx_word' id='word_1_177' title='bbox 1117 2639 1217 2700; x_wconf 85' lang='lat' dir='ltr'><strong><em>Exodi</em></strong></span> <span class='ocrx_word' id='word_1_178' title='bbox 1246 2641 1293 2700; x_wconf 83' lang='lat'><strong><em>23.</em></strong></span> <span class='ocrx_word' id='word_1_179' title='bbox 1337 2639 1439 2701; x_wconf 83' lang='lat' dir='ltr'><strong><em>“Sedit</em></strong></span> 
     </span>
    </p>
   </div>
   <div class='ocr_carea' id='block_1_15' title="bbox 343 2735 1544 2910">
    <p class='ocr_par' dir='ltr' id='par_1_15' title="bbox 343 2735 1544 2910">
     <span class='ocr_line' id='line_1_24' title="bbox 343 2735 1544 2816; baseline 0.001 -21"><span class='ocrx_word' id='word_1_180' title='bbox 343 2736 469 2816; x_wconf 87' lang='lat' dir='ltr'><strong><em>pupulus</em></strong></span> <span class='ocrx_word' id='word_1_181' title='bbox 484 2737 665 2796; x_wconf 77' lang='lat' dir='ltr'><strong><em>munducare</em></strong></span> <span class='ocrx_word' id='word_1_182' title='bbox 678 2747 707 2796; x_wconf 87' lang='lat' dir='ltr'><strong><em>et</em></strong></span> <span class='ocrx_word' id='word_1_183' title='bbox 722 2735 884 2806; x_wconf 89' lang='lat' dir='ltr'><strong><em>bibere;et</em></strong></span> <span class='ocrx_word' id='word_1_184' title='bbox 898 2747 1092 2796; x_wconf 87' lang='lat' dir='ltr'><strong><em>surrexerunt</em></strong></span> <span class='ocrx_word' id='word_1_185' title='bbox 1106 2736 1235 2796; x_wconf 84' lang='lat' dir='ltr'><strong><em>ludere”</em></strong></span> <span class='ocrx_word' id='word_1_186' title='bbox 1270 2737 1317 2798; x_wconf 75' lang='lat' dir='ltr'><strong><em>Cf.</em></strong></span> <span class='ocrx_word' id='word_1_187' title='bbox 1330 2737 1442 2816; x_wconf 81' lang='lat' dir='ltr'><strong><em>puriter</em></strong></span> <span class='ocrx_word' id='word_1_188' title='bbox 1543 2771 1544 2808; x_wconf 54' lang='lat' dir='ltr'><strong><em>i</em></strong></span> 
     </span>
     <span class='ocr_line' id='line_1_25' title="bbox 343 2831 1544 2910; baseline -0.001 -17"><span class='ocrx_word' id='word_1_189' title='bbox 343 2833 446 2910; x_wconf 84' lang='lat' dir='ltr'><strong><em>(Mutt.</em></strong></span> <span class='ocrx_word' id='word_1_190' title='bbox 464 2832 509 2892; x_wconf 90' lang='lat'><strong><em>16.</em></strong></span> <span class='ocrx_word' id='word_1_191' title='bbox 525 2853 557 2892; x_wconf 88' lang='lat' dir='ltr'><strong><em>w.</em></strong></span> <span class='ocrx_word' id='word_1_192' title='bbox 575 2834 600 2891; x_wconf 93' lang='lat'><strong><em>1.</em></strong></span> <span class='ocrx_word' id='word_1_193' title='bbox 616 2832 643 2892; x_wconf 86' lang='lat'><strong><em>2.</em></strong></span> <span class='ocrx_word' id='word_1_194' title='bbox 659 2833 685 2892; x_wconf 91' lang='lat'><strong><em>3.</em></strong></span> <span class='ocrx_word' id='word_1_195' title='bbox 701 2833 800 2892; x_wconf 75' lang='lat' dir='ltr'><strong><em>4.-ot</em></strong></span> <span class='ocrx_word' id='word_1_196' title='bbox 814 2831 852 2892; x_wconf 85' lang='lat' dir='ltr'><strong><em>ud</em></strong></span> <span class='ocrx_word' id='word_1_197' title='bbox 874 2831 1001 2893; x_wconf 81' lang='lat' dir='ltr'><strong><em>Galatas</em></strong></span> <span class='ocrx_word' id='word_1_198' title='bbox 1017 2833 1043 2893; x_wconf 83' lang='lat'><strong><em>5.</em></strong></span> <span class='ocrx_word' id='word_1_199' title='bbox 1061 2853 1087 2892; x_wconf 87' lang='lat' dir='ltr'><strong><em>v.</em></strong></span> <span class='ocrx_word' id='word_1_200' title='bbox 1105 2833 1269 2910; x_wconf 59' lang='lat' dir='ltr'><strong><em>liti-Ex</em></strong></span> <span class='ocrx_word' id='word_1_201' title='bbox 1282 2837 1441 2893; x_wconf 68' lang='lat' dir='ltr'><strong><em>commenti·</em></strong></span> <span class='ocrx_word' id='word_1_202' title='bbox 1543 2845 1544 2884; x_wconf 61' lang='lat' dir='ltr'><strong><em>l</em></strong></span> 
     </span>
    </p>
   </div>
   <div class='ocr_carea' id='block_1_16' title="bbox 341 2928 1441 3009">
    <p class='ocr_par' dir='ltr' id='par_1_16' title="bbox 341 2921 1544 3022">
     <span class='ocr_line' id='line_1_26' title="bbox 341 2928 1441 3009; baseline 0.003 -21"><span class='ocrx_word' id='word_1_203' title='bbox 341 2931 393 2990; x_wconf 82' lang='lat' dir='ltr'><strong><em>ius</em></strong></span> <span class='ocrx_word' id='word_1_204' title='bbox 406 2939 450 2990; x_wconf 88' lang='lat' dir='ltr'><strong><em>est</em></strong></span> <span class='ocrx_word' id='word_1_205' title='bbox 471 2928 546 2989; x_wconf 85' lang='lat' dir='ltr'><strong><em>illud</em></strong></span> <span class='ocrx_word' id='word_1_206' title='bbox 563 2928 681 2990; x_wconf 89' lang='lat' dir='ltr'><strong><em>“videte</em></strong></span> <span class='ocrx_word' id='word_1_207' title='bbox 694 2949 732 2989; x_wconf 88' lang='lat' dir='ltr'><strong><em>ne</em></strong></span> <span class='ocrx_word' id='word_1_208' title='bbox 754 2929 949 2990; x_wconf 82' lang='lat' dir='ltr'><strong><em>contemnatis</em></strong></span> <span class='ocrx_word' id='word_1_209' title='bbox 971 2949 1065 2990; x_wconf 89' lang='lat' dir='ltr'><strong><em>unum</em></strong></span> <span class='ocrx_word' id='word_1_210' title='bbox 1087 2951 1125 2990; x_wconf 86' lang='lat' dir='ltr'><strong><em>ex</em></strong></span> <span class='ocrx_word' id='word_1_211' title='bbox 1150 2929 1197 2990; x_wconf 90' lang='lat' dir='ltr'><strong><em>his</em></strong></span> <span class='ocrx_word' id='word_1_212' title='bbox 1220 2931 1352 3009; x_wconf 80' lang='lat' dir='ltr'><strong><em>pusillis:</em></strong></span> <span class='ocrx_word' id='word_1_213' title='bbox 1374 2931 1441 2991; x_wconf 89' lang='lat' dir='ltr'><strong><em>dico</em></strong></span> 
     </span>
    </p>
   </div>
   <div class='ocr_carea' id='block_1_17' title="bbox 342 3015 1544 3294">
    <p class='ocr_par' dir='ltr' id='par_1_17' title="bbox 342 3015 1544 3294">
     <span class='ocr_line' id='line_1_27' title="bbox 342 3015 1544 3106; baseline 0.001 -19"><span class='ocrx_word' id='word_1_214' title='bbox 342 3028 420 3087; x_wconf 90' lang='lat' dir='ltr'><strong><em>enim</em></strong></span> <span class='ocrx_word' id='word_1_215' title='bbox 437 3026 530 3098; x_wconf 87' lang='lat' dir='ltr'><strong><em>vobis,</em></strong></span> <span class='ocrx_word' id='word_1_216' title='bbox 545 3026 616 3106; x_wconf 83' lang='lat' dir='ltr'><strong><em>quia</em></strong></span> <span class='ocrx_word' id='word_1_217' title='bbox 630 3025 730 3106; x_wconf 79' lang='lat' dir='ltr'><strong><em>angeli</em></strong></span> <span class='ocrx_word' id='word_1_218' title='bbox 745 3047 847 3087; x_wconf 90' lang='lat' dir='ltr'><strong><em>eorum</em></strong></span> <span class='ocrx_word' id='word_1_219' title='bbox 861 3015 978 3106; x_wconf 89' lang='lat' dir='ltr'><strong><em>semper</em></strong></span> <span class='ocrx_word' id='word_1_220' title='bbox 992 3028 1096 3088; x_wconf 89' lang='lat' dir='ltr'><strong><em>vident</em></strong></span> <span class='ocrx_word' id='word_1_221' title='bbox 1118 3028 1223 3088; x_wconf 83' lang='lat' dir='ltr'><strong><em>faciem</em></strong></span> <span class='ocrx_word' id='word_1_222' title='bbox 1250 3027 1350 3087; x_wconf 81' lang='lat' dir='ltr'><strong><em>Patris</em></strong></span> <span class='ocrx_word' id='word_1_223' title='bbox 1373 3029 1439 3094; x_wconf 84' lang='lat' dir='ltr'><strong><em>mei.</em></strong></span> <span class='ocrx_word' id='word_1_224' title='bbox 1543 3037 1544 3072; x_wconf 77' lang='grc' dir='ltr'><strong>ἓ</strong></span> 
     </span>
     <span class='ocr_line' id='line_1_28' title="bbox 343 3121 1437 3204; baseline 0.001 -21"><span class='ocrx_word' id='word_1_225' title='bbox 343 3123 404 3199; x_wconf 67' lang='lat' dir='ltr'><strong><em>Qui</em></strong></span> <span class='ocrx_word' id='word_1_226' title='bbox 420 3123 449 3183; x_wconf 92' lang='lat' dir='ltr'><strong><em>in</em></strong></span> <span class='ocrx_word' id='word_1_227' title='bbox 465 3122 553 3183; x_wconf 90' lang='lat' dir='ltr'><strong><em>coelis</em></strong></span> <span class='ocrx_word' id='word_1_228' title='bbox 570 3123 638 3184; x_wconf 58' lang='lat' dir='ltr'><strong><em>est?</em></strong></span> <span class='ocrx_word' id='word_1_229' title='bbox 654 3121 758 3200; x_wconf 77' lang='lat' dir='ltr'><strong><em>(Matr.</em></strong></span> <span class='ocrx_word' id='word_1_230' title='bbox 775 3123 820 3184; x_wconf 88' lang='lat'><strong><em>18.</em></strong></span> <span class='ocrx_word' id='word_1_231' title='bbox 836 3144 865 3183; x_wconf 88' lang='lat' dir='ltr'><strong><em>v.</em></strong></span> <span class='ocrx_word' id='word_1_232' title='bbox 881 3123 1046 3200; x_wconf 65' lang='lat' dir='ltr'><strong><em>lut-Ex</em></strong></span> <span class='ocrx_word' id='word_1_233' title='bbox 1056 3124 1289 3204; x_wconf 76' lang='lat' dir='ltr'><strong><em>misequentibru</em></strong></span> <span class='ocrx_word' id='word_1_234' title='bbox 1301 3133 1346 3184; x_wconf 72' lang='lat' dir='ltr'><strong><em>ert</em></strong></span> <span class='ocrx_word' id='word_1_235' title='bbox 1359 3123 1437 3184; x_wconf 87' lang='lat' dir='ltr'><strong><em>iliud</em></strong></span> 
     </span>
     <span class='ocr_line' id='line_1_29' title="bbox 345 3219 1544 3294; baseline 0.001 -15"><span class='ocrx_word' id='word_1_236' title='bbox 345 3220 455 3281; x_wconf 78' lang='lat' dir='ltr'><strong><em>Eccles.</em></strong></span> <span class='ocrx_word' id='word_1_237' title='bbox 471 3221 497 3281; x_wconf 84' lang='lat'><strong><em>5.</em></strong></span> <span class='ocrx_word' id='word_1_238' title='bbox 540 3219 628 3280; x_wconf 85' lang='lat' dir='ltr'><strong><em>“Non</em></strong></span> <span class='ocrx_word' id='word_1_239' title='bbox 650 3219 749 3280; x_wconf 77' lang='lat' dir='ltr'><strong><em>tardes</em></strong></span> <span class='ocrx_word' id='word_1_240' title='bbox 770 3222 903 3280; x_wconf 91' lang='lat' dir='ltr'><strong><em>converti</em></strong></span> <span class='ocrx_word' id='word_1_241' title='bbox 918 3221 956 3280; x_wconf 84' lang='lat' dir='ltr'><strong><em>ud</em></strong></span> <span class='ocrx_word' id='word_1_242' title='bbox 979 3221 1154 3294; x_wconf 86' lang='lat' dir='ltr'><strong><em>Dominum,</em></strong></span> <span class='ocrx_word' id='word_1_243' title='bbox 1169 3232 1199 3282; x_wconf 89' lang='lat' dir='ltr'><strong><em>et</em></strong></span> <span class='ocrx_word' id='word_1_244' title='bbox 1213 3241 1250 3281; x_wconf 89' lang='lat' dir='ltr'><strong><em>ne</em></strong></span> <span class='ocrx_word' id='word_1_245' title='bbox 1271 3221 1391 3282; x_wconf 79' lang='lat' dir='ltr'><strong><em>differes</em></strong></span> <span class='ocrx_word' id='word_1_246' title='bbox 1403 3223 1441 3281; x_wconf 89' lang='lat' dir='ltr'><strong><em>de</em></strong></span> <span class='ocrx_word' id='word_1_247' title='bbox 1543 3227 1544 3290; x_wconf 58' lang='lat' dir='ltr'><em>g</em></span> 
     </span>
    </p>
   </div>
   <div class='ocr_carea' id='block_1_18' title="bbox 343 3317 1544 3802">
    <p class='ocr_par' dir='ltr' id='par_1_18' title="bbox 343 3317 1544 3802">
     <span class='ocr_line' id='line_1_30' title="bbox 348 3317 1544 3397; baseline 0 -19"><span class='ocrx_word' id='word_1_248' title='bbox 348 3319 395 3378; x_wconf 92' lang='lat' dir='ltr'><strong><em>die</em></strong></span> <span class='ocrx_word' id='word_1_249' title='bbox 408 3319 439 3377; x_wconf 92' lang='lat' dir='ltr'><strong><em>in</em></strong></span> <span class='ocrx_word' id='word_1_250' title='bbox 454 3318 550 3378; x_wconf 88' lang='lat' dir='ltr'><strong><em>diem:</em></strong></span> <span class='ocrx_word' id='word_1_251' title='bbox 572 3317 673 3378; x_wconf 91' lang='lat' dir='ltr'><strong><em>subito</em></strong></span> <span class='ocrx_word' id='word_1_252' title='bbox 697 3317 774 3377; x_wconf 87' lang='lat' dir='ltr'><strong><em>enirn</em></strong></span> <span class='ocrx_word' id='word_1_253' title='bbox 792 3318 891 3378; x_wconf 87' lang='lat' dir='ltr'><strong><em>veniet</em></strong></span> <span class='ocrx_word' id='word_1_254' title='bbox 915 3319 960 3378; x_wconf 79' lang='lat' dir='ltr'><strong><em>irc</em></strong></span> <span class='ocrx_word' id='word_1_255' title='bbox 982 3317 1097 3378; x_wconf 89' lang='lat' dir='ltr'><strong><em>illins:”</em></strong></span> <span class='ocrx_word' id='word_1_256' title='bbox 1119 3330 1149 3378; x_wconf 88' lang='lat' dir='ltr'><strong><em>et</em></strong></span> <span class='ocrx_word' id='word_1_257' title='bbox 1162 3318 1243 3397; x_wconf 86' lang='lat' dir='ltr'><strong><em>quod</em></strong></span> <span class='ocrx_word' id='word_1_258' title='bbox 1258 3319 1301 3378; x_wconf 80' lang='lat' dir='ltr'><strong><em>eit</em></strong></span> <span class='ocrx_word' id='word_1_259' title='bbox 1314 3317 1344 3378; x_wconf 67' lang='grc'>8</span> <span class='ocrx_word' id='word_1_260' title='bbox 1359 3319 1441 3397; x_wconf 78' lang='lat' dir='ltr'><strong><em>Aug.</em></strong></span> <span class='ocrx_word' id='word_1_261' title='bbox 1543 3337 1544 3386; x_wconf 57' lang='grc' dir='ltr'><strong>ς</strong></span> 
     </span>
     <span class='ocr_line' id='line_1_31' title="bbox 345 3407 1544 3481; baseline 0 -7"><span class='ocrx_word' id='word_1_262' title='bbox 345 3417 374 3474; x_wconf 92' lang='lat' dir='ltr'><strong><em>in</em></strong></span> <span class='ocrx_word' id='word_1_263' title='bbox 389 3415 509 3476; x_wconf 82' lang='lat' dir='ltr'><strong><em>leudem</em></strong></span> <span class='ocrx_word' id='word_1_264' title='bbox 524 3415 554 3476; x_wconf 89' lang='lat' dir='ltr'><strong><em>S.</em></strong></span> <span class='ocrx_word' id='word_1_265' title='bbox 571 3414 727 3474; x_wconf 84' lang='lat' dir='ltr'><strong><em>Laurentii</em></strong></span> <span class='ocrx_word' id='word_1_266' title='bbox 746 3414 789 3474; x_wconf 94' lang='lat' dir='ltr'><strong><em>M.</em></strong></span> <span class='ocrx_word' id='word_1_267' title='bbox 832 3414 976 3475; x_wconf 80' lang='lat' dir='ltr'><strong><em>“Necesse</em></strong></span> <span class='ocrx_word' id='word_1_268' title='bbox 990 3426 1055 3476; x_wconf 84' lang='lat' dir='ltr'><strong><em>erat</em></strong></span> <span class='ocrx_word' id='word_1_269' title='bbox 1070 3427 1103 3476; x_wconf 90' lang='lat' dir='ltr'><strong><em>ut</em></strong></span> <span class='ocrx_word' id='word_1_270' title='bbox 1125 3415 1212 3476; x_wconf 81' lang='lat' dir='ltr'><strong><em>initia</em></strong></span> <span class='ocrx_word' id='word_1_271' title='bbox 1227 3415 1306 3476; x_wconf 82' lang='lat' dir='ltr'><strong><em>bone</em></strong></span> <span class='ocrx_word' id='word_1_272' title='bbox 1328 3414 1441 3481; x_wconf 83' lang='lat' dir='ltr'><strong><em>fierent.</em></strong></span> <span class='ocrx_word' id='word_1_273' title='bbox 1543 3407 1544 3424; x_wconf 56' lang='lat'>¹</span> 
     </span>
     <span class='ocr_line' id='line_1_32' title="bbox 345 3493 1544 3592; baseline 0.001 -21"><span class='ocrx_word' id='word_1_274' title='bbox 345 3529 471 3588; x_wconf 87' lang='lat' dir='ltr'><strong><em>quorum</em></strong></span> <span class='ocrx_word' id='word_1_275' title='bbox 486 3509 553 3569; x_wconf 87' lang='lat' dir='ltr'><strong><em>finis</em></strong></span> <span class='ocrx_word' id='word_1_276' title='bbox 567 3520 611 3570; x_wconf 85' lang='lat' dir='ltr'><strong><em>est</em></strong></span> <span class='ocrx_word' id='word_1_277' title='bbox 624 3509 754 3588; x_wconf 89' lang='lat' dir='ltr'><strong><em>optimus</em></strong></span> <span class='ocrx_word' id='word_1_278' title='bbox 767 3511 982 3590; x_wconf 60' lang='lat' dir='ltr'><strong><em>subsequutum</em></strong></span> <span class='ocrx_word' id='word_1_279' title='bbox 1003 3523 1033 3572; x_wconf 91' lang='lat' dir='ltr'><strong><em>et</em></strong></span> <span class='ocrx_word' id='word_1_280' title='bbox 1048 3523 1194 3592; x_wconf 73' lang='lat' dir='ltr'><strong><em>martyres</em></strong></span> <span class='ocrx_word' id='word_1_281' title='bbox 1207 3532 1256 3572; x_wconf 89' lang='lat' dir='ltr'><strong><em>eos</em></strong></span> <span class='ocrx_word' id='word_1_282' title='bbox 1271 3532 1328 3572; x_wconf 92' lang='lat' dir='ltr'><strong><em>uon</em></strong></span> <span class='ocrx_word' id='word_1_283' title='bbox 1343 3513 1440 3572; x_wconf 86' lang='lat' dir='ltr'><strong><em>solum</em></strong></span> <span class='ocrx_word' id='word_1_284' title='bbox 1543 3493 1544 3514; x_wconf 44' lang='lat'>¹</span> 
     </span>
     <span class='ocr_line' id='line_1_33' title="bbox 343 3593 1544 3687; baseline 0.002 -23"><span class='ocrx_word' id='word_1_285' title='bbox 343 3607 432 3666; x_wconf 81' lang='lat' dir='ltr'><strong><em>fuisse</em></strong></span> <span class='ocrx_word' id='word_1_286' title='bbox 443 3626 510 3665; x_wconf 89' lang='lat' dir='ltr'><strong><em>curn</em></strong></span> <span class='ocrx_word' id='word_1_287' title='bbox 520 3607 598 3684; x_wconf 85' lang='lat' dir='ltr'><strong><em>passi</em></strong></span> <span class='ocrx_word' id='word_1_288' title='bbox 609 3617 688 3679; x_wconf 86' lang='lat' dir='ltr'><strong><em>sunt,</em></strong></span> <span class='ocrx_word' id='word_1_289' title='bbox 697 3605 748 3666; x_wconf 89' lang='lat' dir='ltr'><strong><em>sed</em></strong></span> <span class='ocrx_word' id='word_1_290' title='bbox 762 3607 853 3667; x_wconf 81' lang='lat' dir='ltr'><strong><em>etiem</em></strong></span> <span class='ocrx_word' id='word_1_291' title='bbox 868 3617 941 3668; x_wconf 89' lang='lat' dir='ltr'><strong><em>tuna</em></strong></span> <span class='ocrx_word' id='word_1_292' title='bbox 951 3605 1101 3687; x_wconf 84' lang='lat' dir='ltr'><strong><em>Martyres</em></strong></span> <span class='ocrx_word' id='word_1_293' title='bbox 1110 3607 1223 3668; x_wconf 83' lang='lat' dir='ltr'><strong><em>Christi</em></strong></span> <span class='ocrx_word' id='word_1_294' title='bbox 1237 3627 1307 3679; x_wconf 86' lang='lat' dir='ltr'><strong><em>esse,</em></strong></span> <span class='ocrx_word' id='word_1_295' title='bbox 1321 3627 1390 3668; x_wconf 87' lang='lat' dir='ltr'><strong><em>curn</em></strong></span> <span class='ocrx_word' id='word_1_296' title='bbox 1401 3608 1442 3667; x_wconf 87' lang='lat' dir='ltr'><strong><em>vi·</em></strong></span> <span class='ocrx_word' id='word_1_297' title='bbox 1543 3593 1544 3638; x_wconf 68' lang='lat' dir='ltr'><strong><em>t</em></strong></span> 
     </span>
     <span class='ocr_line' id='line_1_34' title="bbox 345 3697 1544 3802; baseline 0.001 -39"><span class='ocrx_word' id='word_1_298' title='bbox 345 3703 474 3764; x_wconf 82' lang='lat' dir='ltr'><strong><em>verent&#39;&#39;</em></strong></span> <span class='ocrx_word' id='word_1_299' title='bbox 499 3702 573 3762; x_wconf 76' lang='lat' dir='ltr'><strong><em>Alis</em></strong></span> <span class='ocrx_word' id='word_1_300' title='bbox 583 3697 723 3782; x_wconf 56' lang='lat' dir='ltr'><strong><em>exempla</em></strong></span> <span class='ocrx_word' id='word_1_301' title='bbox 737 3703 845 3782; x_wconf 78' lang='lat' dir='ltr'><strong><em>passim</em></strong></span> <span class='ocrx_word' id='word_1_302' title='bbox 857 3705 998 3778; x_wconf 86' lang='lat' dir='ltr'><strong><em>invenies,</em></strong></span> <span class='ocrx_word' id='word_1_303' title='bbox 1010 3705 1195 3784; x_wconf 84' lang='lat' dir='ltr'><strong><em>potissimum</em></strong></span> <span class='ocrx_word' id='word_1_304' title='bbox 1208 3705 1241 3764; x_wconf 90' lang='lat' dir='ltr'><strong><em>in</em></strong></span> <span class='ocrx_word' id='word_1_305' title='bbox 1255 3703 1442 3766; x_wconf 75' lang='lat' dir='ltr'><strong><em>Oratoribus</em></strong></span> <span class='ocrx_word' id='word_1_306' title='bbox 1543 3723 1544 3802; x_wconf 21' lang='grc' dir='ltr'>ζ</span> 
     </span>
    </p>
   </div>
   <div class='ocr_carea' id='block_1_19' title="bbox 0 0 1575 4956">
    <p class='ocr_par' dir='ltr' id='par_1_19' title="bbox 0 0 1575 4956">
     <span class='ocr_line' id='line_1_35' title="bbox 0 0 1575 4956; baseline 0 0"><span class='ocrx_word' id='word_1_307' title='bbox 0 0 1575 4956; x_wconf 95' lang='lat' dir='ltr'><strong><em> </em></strong></span> 
     </span>
    </p>
   </div>
  </div>
 </body>
</html>
